2758 4426
477 345 689 413 ..25-

164 533 292 613 Quibus
314 533 493 600 Hermanni
516 532 610 600 dictis
632 555 735 619 pauca
754 554 806 598 me
825 531 943 598 addere
961 541 1097 620 oportet,

81 665 239 752 siquidem
269 687 334 731 non
357 663 465 730 omnia
486 671 552 728 tam
575 663 670 750 plano
692 663 843 750 leguntur
865 659 951 749 apud
972 659 1098 746 Euripi·
1172 667 1176 677 '

80 793 169 874 dem,
199 815 295 880 quam
321 791 406 856 illios
434 790 542 856 verbis
571 788 775 856 concluseris.
825 789 977 874 Legimus
1013 787 1098 852 enim

76 919 229 986 Herculis
260 922 303 1003 (v.
335 919 413 1006 524)
447 941 637 1007 responsum
664 917 742 984 illud
774 917 850 982 satis
880 917 1012 984 mirum:
1040 916 1097 982 ott

78 1047 147 1112 ἀντί
166 1072 223 1113 σου
245 1071 282 1132 γε
303 1046 466 1112 κατθανεῖν
490 1049 667 1136 ὑφειμένην.

166 1173 291 1254 Quodsi
313 1175 482 1240 imminens
501 1174 677 1262 periculum
694 1185 899 1264 cognoverat,
922 1183 991 1238 tum
1008 1183 1096 1238 certo

82 1303 217 1389 hospitis
248 1314 317 1370 erat
345 1302 419 1369 ilico
446 1303 532 1368 ferre
559 1301 714 1367 auxilium
745 1301 797 1367 vel
824 1301 958 1368 consilia
987 1321 1098 1366 conso-

79 1431 164 1496 ciare
187 1453 260 1497 cum
282 1433 457 1497 amieo-cur
480 1441 588 1496 autem
608 1454 674 1496 non
690 1453 821 1518 prorsus
841 1431 990 1518 ignarum
1008 1428 1099 1495 istius

80 1561 269 1626 calamitatis
291 1559 505 1626 introduxerit
527 1570 632 1648 poeta,
660 1583 722 1647 ego
745 1583 809 1626 non
832 1559 936 1626 video.
982 1559 1100 1626 Omnia

80 1700 186 1756 autem
208 1699 335 1777 praeter
352 1689 553 1776 importunos
566 1688 722 1775 quosdam
733 1688 909 1754 versiculos
923 1694 965 1765 (v.
977 1689 1041 1756 520
1058 1687 1099 1752 ad

85 1818 161 1900 530)
193 1835 290 1904 quom
321 1816 440 1903 optime
469 1816 628 1903 quadrent
649 1815 691 1882 ad
712 1815 989 1882 Hermannianam
1011 1817 1098 1881 illam

80 1945 234 2010 Herculis
262 1944 526 2031 descriptionem,
557 1945 651 2010 facile
680 1944 807 2010 credam
837 1945 999 2032 paulisper
1028 1943 1100 2010 dor⁴

82 2073 245 2138 mitanisse
260 2071 458 2159 Euripidem.
494 2072 581 2152 Quid
600 2085 656 2156 est,
680 2071 707 2137 si
729 2072 954 2138 moribundam
969 2073 1099 2138 minime

83 2201 218 2285 curavit,
242 2224 300 2268 cnr
321 2223 381 2288 pro
403 2213 531 2268 mortua
551 2212 703 2290 properet
718 2201 879 2268 Hercules
901 2201 1001 2268 vitam
1019 2204 1100 2290 peri·

82 2331 185 2397 clitari
206 2331 352 2396 femina?
385 2330 592 2396 Nostratibus
615 2339 720 2397 autem
742 2331 818 2396 viris
841 2331 945 2396 doctis
972 2331 1012 2397 de
1034 2329 1101 2396 Ad·

78 2461 158 2526 meti
181 2483 319 2547 persona
340 2461 535 2546 litigantibus
564 2485 641 2527 sane
669 2460 755 2526 haud
778 2459 1004 2552 contemnendi
1026 2472 1100 2526 sunt

82 2588 136 2654 isti
152 2587 317 2654 versiculi:
351 2589 508 2655 Hercules
532 2591 616 2654 onim
638 2591 773 2656 heroum
792 2591 889 2678 longe
906 2590 1097 2656 fortissimus
1138 2613 1141 2625 ·

82 2715 153 2804 ipso
180 2717 310 2782 minime
338 2717 472 2783 offendit
499 2718 532 2782 in
561 2740 599 2783 eo
629 2718 717 2805 quod
743 2718 878 2784 maritus
907 2741 973 2784 nou
995 2741 1100 2807 asper·

78 2855 174 2912 natus
197 2845 238 2911 sit
260 2845 371 2912 uxoris
394 2847 443 2912 uti
465 2847 546 2912 bene
570 2847 684 2913 officio.

164 2975 324 3040 Hercules
345 2975 445 3064 igitur
466 2976 518 3042 ille
541 2999 634 3043 verae
656 2975 748 3040 nobis
762 2963 952 3064 'exemplum
968 2975 1100 3064 praebet

76 3105 259 3194 gravitatis,
287 3127 370 3192 quae
394 3106 498 3170 facilis
520 3129 647 3193 semper
669 3115 801 3192 apparet
823 3115 854 3170 et
876 3127 999 3172 secura.
1042 3101 1100 3169 Ni-

75 3233 196 3299 mirum
219 3243 254 3298 ut
275 3232 312 3316 is,
335 3234 390 3321 qui
413 3233 553 3321 quotidie
576 3235 643 3300 fere
666 3244 831 3299 contracta
849 3233 956 3299 fronte
972 3231 1098 3312 assidet,

76 3361 183 3426 multo
213 3361 319 3426 minus
347 3384 444 3448 quam
467 3361 527 3444 illi,
557 3361 748 3448 quibuscum
770 3362 842 3426 ioca
863 3361 946 3426 seria
968 3359 1101 3448 perinde

74 3489 247 3580 agas‚.tibi
270 3488 373 3554 dulcis
396 3489 556 3555 videbitur
578 3491 699 3556 amicus
722 3527 763 3540 -
785 3491 830 3556 ita
852 3513 984 3578 prorsus
1007 3511 1100 3575 reges

76 3631 176 3706 atque
208 3618 324 3684 heroas
357 3619 515 3706 tragicos,
551 3621 740 3708 quibuscum
774 3619 876 3708 possis
914 3617 1099 3704 conspirare

77 3748 111 3828 (i.
135 3767 161 3813 e.
189 3744 277 3834 quod
306 3769 403 3834 supra
425 3745 611 3812 vocavimus
640 3747 801 3834 συνὸρᾶν),
831 3769 927 3834 quam
953 3744 1100 3832 proxime

75 3873 119 3941 ad
142 3874 316 3940 humanam
338 3875 424 3942 vitae
447 3875 713 3942 consuetudinem
736 3875 828 3942 decet
850 3875 1014 3942 accedere.
