2758 4426
487 337 699 405 „29-

75 529 149 596 voti
179 549 310 614 compos
339 527 425 592 facta
455 537 503 592 est
524 535 626 591 mater
648 525 821 612 Polydori,
851 524 1018 592 comoedia
1044 525 1105 591 erit

78 656 210 723 fabula!
247 655 371 722 Eadem
386 664 492 719 autem
514 655 568 720 lex
590 654 709 719 valebit
729 653 762 719 in
786 654 952 748 Medeam:
975 678 1050 720 nam
1073 665 1106 720 et

79 786 140 852 illa
162 783 282 850 semina
304 782 461 872 perfidum
489 783 556 850 ulta
578 793 627 847 est
648 781 809 849 maritum.
854 781 1105 848 Necduhitavit

77 913 181 980 Glum
196 913 229 978 in
244 912 386 978 thesibus
402 911 606 994 contendere,
622 911 798 998 Antiopam
815 921 847 976 et
857 911 1002 978 Bacchas
1018 913 1103 1000 ipsas

76 1043 168 1109 vices
191 1041 369 1108 dramatum
392 1042 602 1127 satyricorum
626 1040 776 1108 tenuisse.
823 1037 903 1119 Quis
925 1041 988 1106 iam
1011 1040 1103 1104 mira-

76 1171 169 1236 bitur
194 1169 292 1236 fuisse
315 1169 390 1236 olim
413 1170 469 1260 (cf.
487 1171 622 1236 Taetacs
645 1172 716 1258 περὶ
736 1195 813 1258 reip.
838 1169 872 1238 S.
888 1170 953 1250 26.)
976 1168 1032 1256 qui
1052 1168 1106 1234 vel

76 1298 250 1386 Sophoclis
271 1299 434 1366 Electram
456 1300 570 1366 eodem
593 1301 768 1366 referrent:
790 1299 867 1388 quin
890 1297 1103 1385 amplissimus

77 1427 196 1494 existet
218 1439 396 1513 satyrorum
414 1431 502 1498 ordo.
536 1429 695 1495 Nimirum
711 1428 916 1510 Philoctetes,
939 1426 1037 1512 Tyro,
1061 1448 1101 1491 na

78 1557 185 1621 dicam
215 1555 376 1643 Oedipum
405 1557 599 1633 Coloneum„
633 1581 730 1646 porro
758 1557 914 1639 Alcestis,
942 1557 1102 1638 Bacchae,

75 1685 195 1750 Medea
208 1685 353 1768 Hecuba,
377 1687 447 1768 Ion,
470 1685 612 1770 Orestes,
634 1687 770 1769 Helena,
793 1685 997 1768 Heraclidae,
1021 1685 1102 1774 Sup-

75 1813 187 1900 plices,
210 1813 378 1902 Iphigenia
400 1826 535 1903 utraque
557 1826 590 1880 et
611 1815 692 1880 aliae
714 1815 929 1902 transfugiant
956 1813 998 1878 ad
1020 1825 1102 1898 saty-

74 1963 188 2008 rorum
205 1953 309 2008 castra
321 1943 447 2008 fabulae
469 1946 605 2010 fortasse
620 1943 693 2032 plus
716 1943 839 2029 viginti,
857 1942 1009 2028 Aeschyli
1024 1965 1101 2008 vero

75 2095 129 2136 ars
157 2073 292 2138 multum
320 2096 433 2138 vereor
455 2097 496 2138 ne
518 2085 587 2138 tota
615 2073 741 2139 desiliat
771 2072 812 2137 ad
840 2071 1025 2138 comoediae
1048 2094 1098 2136 ca·

79 2199 227 2266 chinone.
273 2201 318 2266 At
340 2224 396 2267 cur
418 2204 551 2286 γλαῦκας
570 2199 740 2292 Ἀθήναζεῖ

165 2329 343 2415 Singularis
369 2331 453 2394 enim
477 2329 515 2396 de
538 2330 702 2396 Alcestide
725 2330 779 2394 vix
803 2300 982 2394 admittitur
1004 2349 1099 2415 quae·

73 2457 138 2523 atio
167 2495 207 2506 -
245 2455 301 2522 sed
336 2467 391 2522 aut
422 2457 609 2522 scholiastes
639 2457 737 2523 duces
772 2468 917 2523 secutum
948 2455 1100 2542 plurimas

73 2586 273 2672 tragicorum
294 2587 419 2652 fabulas
442 2587 656 2654 transcribere
678 2598 711 2654 te
733 2588 895 2675 oportebit
916 2586 949 2652 in
974 2607 1100 2652 comoe-

74 2714 201 2779 diarum
223 2725 475 2801 satyrorumque
501 2715 650 2798 tabellas,
679 2725 734 2782 aut
761 2727 872 2781 nostra
898 2715 957 2780 tihi
983 2715 1100 2801 ample-

74 2841 194 2907 ctenda
216 2853 265 2908 est
288 2843 453 2925 sententia,
475 2843 604 2908 tertium
626 2867 691 2908 non
714 2844 817 2916 datur.
861 2845 976 2932 Neque
991 2844 1099 2932 inepte

72 2971 274 3058 comparavit
300 2971 468 3038 Bendixen
492 2971 538 3059 (p.
562 2973 615 3056 19)
648 2974 831 3060 complures
861 2973 952 3038 locos
974 2972 1098 3038 Aristo·

71 3097 218 3184 phaneos
241 3098 335 3178 (Aah.
359 3099 483 3184 v.893;
506 3099 703 3186 Thesmoph.
722 3101 797 3186 1943
821 3101 884 3168 Av.
902 3101 1008 3185 1244),
1031 3100 1098 3188 qui-

73 3227 137 3292 bus
172 3225 284 3321 codem
320 3228 417 3315 plane
453 3228 523 3294 iuro
553 3229 695 3317 carpitur
725 3229 865 3296 Alcestis
895 3240 992 3318 atque
1019 3229 1098 3295 aliae

69 3353 236 3440 Euripidis
255 3355 452 3443 tragoediae.
485 3355 600 3444 Neque
616 3357 792 3424 absurdum
808 3356 935 3424 videtur
950 3357 1097 3424 conicere

70 3481 277 3571 tetralogiam
304 3494 450 3550 nostram
477 3507 515 3550 eo
543 3484 678 3550 consilio
702 3508 772 3552 esse
796 3486 1030 3574 conscriptam,
1060 3495 1097 3551 ut

70 3609 175 3676 tribus
197 3610 310 3678 fabulis
331 3611 522 3696 (Alcmeone
545 3612 690 3702 Telepho
713 3613 891 3695 Alcestide)
916 3614 1094 3680 celebretur

71 3739 274 3806 sanctissima
301 3739 527 3828 hospitalitatis
556 3739 654 3826 fides,
682 3740 798 3830 quibus
827 3751 1011 3830 opponatur
1032 3750 1096 3807 tae

69 3863 203 3934 terrima
224 3889 353 3935 mensae
375 3867 560 3973 Thyesteae
581 3871 676 3936 lama.
