<?xml version="1.0" encoding="UTF-8"?>
<!DOCTYPE html PUBLIC "-//W3C//DTD XHTML 1.0 Transitional//EN"
    "http://www.w3.org/TR/xhtml1/DTD/xhtml1-transitional.dtd">
<html xmlns="http://www.w3.org/1999/xhtml" xml:lang="en" lang="en">
 <head>
  <title>
</title>
<meta http-equiv="Content-Type" content="text/html;charset=utf-8" />
  <meta name='ocr-system' content='tesseract 3.04.00' />
  <meta name='ocr-capabilities' content='ocr_page ocr_carea ocr_par ocr_line ocrx_word'/>
</head>
<body>
  <div class='ocr_page' id='page_1' title='image "./dealcestideeuri00wilkgoog_0024.png"; bbox 0 0 2758 4426; ppageno 0'>
   <div class='ocr_carea' id='block_1_1' title="bbox 473 303 687 365">
    <p class='ocr_par' dir='ltr' id='par_1_1' title="bbox 473 303 687 365">
     <span class='ocr_line' id='line_1_1' title="bbox 473 303 687 365; baseline -0.009 -15"><span class='ocrx_word' id='word_1_1' title='bbox 473 303 687 365; x_wconf 66' lang='lat'>‚11-</span> 
     </span>
    </p>
   </div>
   <div class='ocr_carea' id='block_1_2' title="bbox 69 488 1173 3544">
    <p class='ocr_par' dir='ltr' id='par_1_2' title="bbox 69 488 1092 1727">
     <span class='ocr_line' id='line_1_2' title="bbox 69 488 1087 579; baseline -0.001 -23"><span class='ocrx_word' id='word_1_2' title='bbox 69 514 166 579; x_wconf 88' lang='lat' dir='ltr'><strong>quam</strong></span> <span class='ocrx_word' id='word_1_3' title='bbox 191 489 367 578; x_wconf 89' lang='lat' dir='ltr'><strong>Sophocles</strong></span> <span class='ocrx_word' id='word_1_4' title='bbox 390 490 590 578; x_wconf 81' lang='lat' dir='ltr'><strong>amplexatus</strong></span> <span class='ocrx_word' id='word_1_5' title='bbox 613 499 691 572; x_wconf 84' lang='lat' dir='ltr'><strong>erat,</strong></span> <span class='ocrx_word' id='word_1_6' title='bbox 714 488 934 577; x_wconf 76' lang='lat' dir='ltr'><strong>acquiesceret</strong></span> <span class='ocrx_word' id='word_1_7' title='bbox 958 492 1013 558; x_wconf 89' lang='lat' dir='ltr'><strong>sed</strong></span> <span class='ocrx_word' id='word_1_8' title='bbox 1028 489 1087 555; x_wconf 83' lang='lat' dir='ltr'><strong>im·</strong></span> 
     </span>
     <span class='ocr_line' id='line_1_3' title="bbox 71 617 1087 705; baseline -0.001 -20"><span class='ocrx_word' id='word_1_9' title='bbox 71 620 243 690; x_wconf 87' lang='lat' dir='ltr'><strong>minentem</strong></span> <span class='ocrx_word' id='word_1_10' title='bbox 265 619 459 705; x_wconf 86' lang='lat' dir='ltr'><strong>reipublicae</strong></span> <span class='ocrx_word' id='word_1_11' title='bbox 489 618 613 684; x_wconf 85' lang='lat' dir='ltr'><strong>ruinam</strong></span> <span class='ocrx_word' id='word_1_12' title='bbox 642 639 680 684; x_wconf 89' lang='lat' dir='ltr'><strong>co</strong></span> <span class='ocrx_word' id='word_1_13' title='bbox 713 617 834 684; x_wconf 82' lang='lat' dir='ltr'><strong>studuit</strong></span> <span class='ocrx_word' id='word_1_14' title='bbox 864 627 1022 700; x_wconf 81' lang='lat' dir='ltr'><strong>avertere,</strong></span> <span class='ocrx_word' id='word_1_15' title='bbox 1052 628 1087 684; x_wconf 91' lang='lat' dir='ltr'><strong>ut</strong></span> 
     </span>
     <span class='ocr_line' id='line_1_4' title="bbox 69 747 1086 836; baseline -0.004 -21"><span class='ocrx_word' id='word_1_16' title='bbox 69 749 211 836; x_wconf 87' lang='lat' dir='ltr'><strong>expulsis</strong></span> <span class='ocrx_word' id='word_1_17' title='bbox 234 747 510 834; x_wconf 82' lang='lat' dir='ltr'><strong>superstitionibus</strong></span> <span class='ocrx_word' id='word_1_18' title='bbox 534 748 664 813; x_wconf 89' lang='lat' dir='ltr'><strong>salutari</strong></span> <span class='ocrx_word' id='word_1_19' title='bbox 686 747 824 835; x_wconf 87' lang='lat' dir='ltr'><strong>quadam</strong></span> <span class='ocrx_word' id='word_1_20' title='bbox 847 747 1003 834; x_wconf 84' lang='lat' dir='ltr'><strong>sapientia</strong></span> <span class='ocrx_word' id='word_1_21' title='bbox 1031 747 1086 811; x_wconf 88' lang='lat' dir='ltr'><strong>irn-</strong></span> 
     </span>
     <span class='ocr_line' id='line_1_5' title="bbox 73 873 1088 963; baseline 0 -23"><span class='ocrx_word' id='word_1_22' title='bbox 73 878 188 943; x_wconf 92' lang='lat' dir='ltr'><strong>bueret</strong></span> <span class='ocrx_word' id='word_1_23' title='bbox 217 877 334 942; x_wconf 89' lang='lat' dir='ltr'><strong>civium</strong></span> <span class='ocrx_word' id='word_1_24' title='bbox 363 877 496 943; x_wconf 89' lang='lat' dir='ltr'><strong>animos.</strong></span> <span class='ocrx_word' id='word_1_25' title='bbox 543 875 684 963; x_wconf 81' lang='lat' dir='ltr'><strong>Contigit</strong></span> <span class='ocrx_word' id='word_1_26' title='bbox 711 887 817 941; x_wconf 89' lang='lat' dir='ltr'><strong>tamen</strong></span> <span class='ocrx_word' id='word_1_27' title='bbox 847 877 876 941; x_wconf 91' lang='lat' dir='ltr'><strong>ei</strong></span> <span class='ocrx_word' id='word_1_28' title='bbox 905 873 992 963; x_wconf 92' lang='lat' dir='ltr'><strong>quod</strong></span> <span class='ocrx_word' id='word_1_29' title='bbox 1019 876 1088 941; x_wconf 88' lang='lat' dir='ltr'><strong>fere</strong></span> 
     </span>
     <span class='ocr_line' id='line_1_6' title="bbox 73 1003 1090 1095; baseline -0.003 -24"><span class='ocrx_word' id='word_1_30' title='bbox 73 1029 200 1095; x_wconf 88' lang='lat' dir='ltr'><strong>semper</strong></span> <span class='ocrx_word' id='word_1_31' title='bbox 221 1029 378 1070; x_wconf 85' lang='lat' dir='ltr'><strong>novarum</strong></span> <span class='ocrx_word' id='word_1_32' title='bbox 402 1029 509 1072; x_wconf 92' lang='lat' dir='ltr'><strong>rerum</strong></span> <span class='ocrx_word' id='word_1_33' title='bbox 531 1005 605 1070; x_wconf 87' lang='lat' dir='ltr'><strong>licet</strong></span> <span class='ocrx_word' id='word_1_34' title='bbox 627 1005 748 1092; x_wconf 91' lang='lat' dir='ltr'><strong>optimo</strong></span> <span class='ocrx_word' id='word_1_35' title='bbox 773 1006 906 1070; x_wconf 90' lang='lat' dir='ltr'><strong>consilio</strong></span> <span class='ocrx_word' id='word_1_36' title='bbox 923 1003 1090 1070; x_wconf 89' lang='lat' dir='ltr'><strong>studiosis:</strong></span> 
     </span>
     <span class='ocr_line' id='line_1_7' title="bbox 76 1133 1090 1221; baseline -0.002 -21"><span class='ocrx_word' id='word_1_37' title='bbox 76 1136 174 1202; x_wconf 89' lang='lat' dir='ltr'><strong>finem</strong></span> <span class='ocrx_word' id='word_1_38' title='bbox 197 1145 229 1200; x_wconf 89' lang='lat' dir='ltr'><strong>et</strong></span> <span class='ocrx_word' id='word_1_39' title='bbox 251 1134 382 1202; x_wconf 90' lang='lat' dir='ltr'><strong>modum</strong></span> <span class='ocrx_word' id='word_1_40' title='bbox 406 1135 539 1201; x_wconf 89' lang='lat' dir='ltr'><strong>transiit.</strong></span> <span class='ocrx_word' id='word_1_41' title='bbox 572 1133 643 1200; x_wconf 88' lang='lat' dir='ltr'><strong>Nec</strong></span> <span class='ocrx_word' id='word_1_42' title='bbox 667 1134 759 1200; x_wconf 90' lang='lat' dir='ltr'><strong>desiit</strong></span> <span class='ocrx_word' id='word_1_43' title='bbox 781 1134 1011 1221; x_wconf 84' lang='lat' dir='ltr'><strong>Aristophanes</strong></span> <span class='ocrx_word' id='word_1_44' title='bbox 1034 1134 1090 1220; x_wconf 91' lang='lat' dir='ltr'><strong>qui</strong></span> 
     </span>
     <span class='ocr_line' id='line_1_8' title="bbox 75 1263 1089 1352; baseline -0.001 -24"><span class='ocrx_word' id='word_1_45' title='bbox 75 1264 115 1330; x_wconf 88' lang='lat' dir='ltr'><strong>dc</strong></span> <span class='ocrx_word' id='word_1_46' title='bbox 139 1263 325 1351; x_wconf 85' lang='lat' dir='ltr'><strong>republica</strong></span> <span class='ocrx_word' id='word_1_47' title='bbox 348 1287 440 1330; x_wconf 90' lang='lat' dir='ltr'><strong>secus</strong></span> <span class='ocrx_word' id='word_1_48' title='bbox 463 1265 608 1344; x_wconf 86' lang='lat' dir='ltr'><strong>sentiret,</strong></span> <span class='ocrx_word' id='word_1_49' title='bbox 636 1263 810 1328; x_wconf 86' lang='lat' dir='ltr'><strong>identidem</strong></span> <span class='ocrx_word' id='word_1_50' title='bbox 834 1286 966 1352; x_wconf 90' lang='lat' dir='ltr'><strong>carpere</strong></span> <span class='ocrx_word' id='word_1_51' title='bbox 996 1263 1089 1328; x_wconf 88' lang='lat' dir='ltr'><strong>istam</strong></span> 
     </span>
     <span class='ocr_line' id='line_1_9' title="bbox 73 1391 1090 1480; baseline -0.002 -23"><span class='ocrx_word' id='word_1_52' title='bbox 73 1392 272 1479; x_wconf 83' lang='lat' dir='ltr'><strong>sapientiam,</strong></span> <span class='ocrx_word' id='word_1_53' title='bbox 296 1416 377 1480; x_wconf 89' lang='lat' dir='ltr'><strong>quae</strong></span> <span class='ocrx_word' id='word_1_54' title='bbox 392 1393 515 1458; x_wconf 86' lang='lat' dir='ltr'><strong>etiamsi</strong></span> <span class='ocrx_word' id='word_1_55' title='bbox 539 1391 711 1456; x_wconf 89' lang='lat' dir='ltr'><strong>admodum</strong></span> <span class='ocrx_word' id='word_1_56' title='bbox 728 1391 788 1456; x_wconf 87' lang='lat' dir='ltr'><strong>fuit</strong></span> <span class='ocrx_word' id='word_1_57' title='bbox 803 1392 958 1478; x_wconf 85' lang='lat' dir='ltr'><strong>speciosa,</strong></span> <span class='ocrx_word' id='word_1_58' title='bbox 982 1402 1090 1456; x_wconf 90' lang='lat' dir='ltr'><strong>tamen</strong></span> 
     </span>
     <span class='ocr_line' id='line_1_10' title="bbox 75 1521 1091 1609; baseline 0.001 -23"><span class='ocrx_word' id='word_1_59' title='bbox 75 1545 173 1608; x_wconf 90' lang='lat' dir='ltr'><strong>quom</strong></span> <span class='ocrx_word' id='word_1_60' title='bbox 197 1532 319 1587; x_wconf 88' lang='lat' dir='ltr'><strong>careret</strong></span> <span class='ocrx_word' id='word_1_61' title='bbox 340 1523 433 1589; x_wconf 89' lang='lat' dir='ltr'><strong>firmo</strong></span> <span class='ocrx_word' id='word_1_62' title='bbox 456 1522 645 1609; x_wconf 82' lang='lat' dir='ltr'><strong>religionum</strong></span> <span class='ocrx_word' id='word_1_63' title='bbox 667 1533 851 1588; x_wconf 89' lang='lat' dir='ltr'><strong>nostrarum</strong></span> <span class='ocrx_word' id='word_1_64' title='bbox 871 1521 1091 1604; x_wconf 84' lang='lat' dir='ltr'><strong>fundamento,</strong></span> 
     </span>
     <span class='ocr_line' id='line_1_11' title="bbox 75 1649 1092 1727; baseline 0.001 -12"><span class='ocrx_word' id='word_1_65' title='bbox 75 1673 188 1716; x_wconf 88' lang='lat' dir='ltr'><strong>revera</strong></span> <span class='ocrx_word' id='word_1_66' title='bbox 207 1651 364 1716; x_wconf 86' lang='lat' dir='ltr'><strong>imbecilla</strong></span> <span class='ocrx_word' id='word_1_67' title='bbox 379 1663 447 1716; x_wconf 92' lang='lat' dir='ltr'><strong>erat</strong></span> <span class='ocrx_word' id='word_1_68' title='bbox 462 1662 494 1716; x_wconf 89' lang='lat' dir='ltr'><strong>ct</strong></span> <span class='ocrx_word' id='word_1_69' title='bbox 508 1651 671 1718; x_wconf 85' lang='lat' dir='ltr'><strong>vacillans.</strong></span> <span class='ocrx_word' id='word_1_70' title='bbox 705 1651 826 1716; x_wconf 89' lang='lat' dir='ltr'><strong>Poetae</strong></span> <span class='ocrx_word' id='word_1_71' title='bbox 841 1651 935 1716; x_wconf 91' lang='lat' dir='ltr'><strong>illud:</strong></span> <span class='ocrx_word' id='word_1_72' title='bbox 955 1649 1092 1727; x_wconf 86' lang='lat' dir='ltr'><strong>„Incidit</strong></span> 
     </span>
    </p>

    <p class='ocr_par' dir='ltr' id='par_1_3' title="bbox 75 1778 1089 1994">
     <span class='ocr_line' id='line_1_12' title="bbox 75 1778 1089 1867; baseline 0.001 -25"><span class='ocrx_word' id='word_1_73' title='bbox 75 1779 108 1843; x_wconf 94' lang='lat' dir='ltr'><strong>in</strong></span> <span class='ocrx_word' id='word_1_74' title='bbox 139 1778 281 1866; x_wconf 83' lang='lat' dir='ltr'><strong>Scyllam</strong></span> <span class='ocrx_word' id='word_1_75' title='bbox 311 1779 387 1846; x_wconf 89' lang='lat' dir='ltr'><strong>dum</strong></span> <span class='ocrx_word' id='word_1_76' title='bbox 416 1779 483 1845; x_wconf 91' lang='lat' dir='ltr'><strong>vult</strong></span> <span class='ocrx_word' id='word_1_77' title='bbox 514 1781 616 1845; x_wconf 84' lang='lat' dir='ltr'><strong>vitare</strong></span> <span class='ocrx_word' id='word_1_78' title='bbox 645 1779 851 1867; x_wconf 81' lang='lat' dir='ltr'><strong>Charybdin“</strong></span> <span class='ocrx_word' id='word_1_79' title='bbox 883 1779 1089 1845; x_wconf 87' lang='lat' dir='ltr'><strong>multifariam</strong></span> 
     </span>
     <span class='ocr_line' id='line_1_13' title="bbox 76 1905 515 1994; baseline 0.005 -24"><span class='ocrx_word' id='word_1_80' title='bbox 76 1905 140 1971; x_wconf 92' lang='lat' dir='ltr'><strong>dici</strong></span> <span class='ocrx_word' id='word_1_81' title='bbox 162 1916 267 1994; x_wconf 89' lang='lat' dir='ltr'><strong>potest</strong></span> <span class='ocrx_word' id='word_1_82' title='bbox 290 1906 328 1972; x_wconf 88' lang='lat' dir='ltr'><strong>de</strong></span> <span class='ocrx_word' id='word_1_83' title='bbox 351 1906 515 1994; x_wconf 81' lang='lat' dir='ltr'><strong>Euripide.</strong></span> 
     </span>
    </p>

    <p class='ocr_par' dir='ltr' id='par_1_4' title="bbox 75 2035 1173 3418">
     <span class='ocr_line' id='line_1_14' title="bbox 162 2035 1095 2125; baseline 0 -25"><span class='ocrx_word' id='word_1_84' title='bbox 162 2035 337 2124; x_wconf 87' lang='lat' dir='ltr'><strong>Dignitatis</strong></span> <span class='ocrx_word' id='word_1_85' title='bbox 364 2035 555 2101; x_wconf 89' lang='lat' dir='ltr'><strong>feminarum</strong></span> <span class='ocrx_word' id='word_1_86' title='bbox 579 2036 740 2125; x_wconf 82' lang='lat' dir='ltr'><strong>specimen</strong></span> <span class='ocrx_word' id='word_1_87' title='bbox 763 2036 875 2100; x_wconf 89' lang='lat' dir='ltr'><strong>haberi</strong></span> <span class='ocrx_word' id='word_1_88' title='bbox 897 2035 999 2100; x_wconf 89' lang='lat' dir='ltr'><strong>voluit</strong></span> <span class='ocrx_word' id='word_1_89' title='bbox 1025 2035 1095 2100; x_wconf 90' lang='lat' dir='ltr'><strong>Mc-</strong></span> 
     </span>
     <span class='ocr_line' id='line_1_15' title="bbox 76 2161 1092 2252; baseline -0.001 -23"><span class='ocrx_word' id='word_1_90' title='bbox 76 2162 185 2229; x_wconf 88' lang='lat' dir='ltr'><strong>deam:</strong></span> <span class='ocrx_word' id='word_1_91' title='bbox 209 2161 264 2229; x_wconf 91' lang='lat' dir='ltr'><strong>sed</strong></span> <span class='ocrx_word' id='word_1_92' title='bbox 285 2163 318 2228; x_wconf 92' lang='lat' dir='ltr'><strong>id</strong></span> <span class='ocrx_word' id='word_1_93' title='bbox 343 2163 429 2251; x_wconf 90' lang='lat' dir='ltr'><strong>quod</strong></span> <span class='ocrx_word' id='word_1_94' title='bbox 452 2166 558 2230; x_wconf 86' lang='lat' dir='ltr'><strong>effecit</strong></span> <span class='ocrx_word' id='word_1_95' title='bbox 572 2175 751 2230; x_wconf 88' lang='lat' dir='ltr'><strong>monstrum</strong></span> <span class='ocrx_word' id='word_1_96' title='bbox 767 2176 822 2232; x_wconf 88' lang='lat' dir='ltr'><strong>est.</strong></span> <span class='ocrx_word' id='word_1_97' title='bbox 856 2163 931 2229; x_wconf 89' lang='lat' dir='ltr'><strong>Non</strong></span> <span class='ocrx_word' id='word_1_98' title='bbox 945 2163 1092 2252; x_wconf 89' lang='lat' dir='ltr'><strong>vitupero</strong></span> 
     </span>
     <span class='ocr_line' id='line_1_16' title="bbox 77 2291 1095 2380; baseline -0.001 -22"><span class='ocrx_word' id='word_1_99' title='bbox 77 2291 166 2380; x_wconf 91' lang='lat' dir='ltr'><strong>quod</strong></span> <span class='ocrx_word' id='word_1_100' title='bbox 188 2293 340 2358; x_wconf 84' lang='lat' dir='ltr'><strong>mactavit</strong></span> <span class='ocrx_word' id='word_1_101' title='bbox 361 2305 462 2360; x_wconf 90' lang='lat' dir='ltr'><strong>mater</strong></span> <span class='ocrx_word' id='word_1_102' title='bbox 485 2295 639 2362; x_wconf 85' lang='lat' dir='ltr'><strong>infantes:</strong></span> <span class='ocrx_word' id='word_1_103' title='bbox 662 2305 882 2361; x_wconf 86' lang='lat' dir='ltr'><strong>verumtamen</strong></span> <span class='ocrx_word' id='word_1_104' title='bbox 906 2294 1051 2360; x_wconf 87' lang='lat' dir='ltr'><strong>adultero</strong></span> <span class='ocrx_word' id='word_1_105' title='bbox 1068 2293 1095 2358; x_wconf 89' lang='lat' dir='ltr'><strong>si</strong></span> 
     </span>
     <span class='ocr_line' id='line_1_17' title="bbox 75 2422 1096 2511; baseline -0.002 -23"><span class='ocrx_word' id='word_1_106' title='bbox 75 2445 182 2510; x_wconf 88' lang='lat' dir='ltr'><strong>poena</strong></span> <span class='ocrx_word' id='word_1_107' title='bbox 204 2423 390 2488; x_wconf 88' lang='lat' dir='ltr'><strong>sustinenda</strong></span> <span class='ocrx_word' id='word_1_108' title='bbox 419 2434 488 2492; x_wconf 88' lang='lat' dir='ltr'><strong>erat</strong></span> <span class='ocrx_word' id='word_1_109' title='bbox 509 2424 627 2511; x_wconf 87' lang='lat' dir='ltr'><strong>Iasoni,</strong></span> <span class='ocrx_word' id='word_1_110' title='bbox 650 2435 768 2510; x_wconf 89' lang='lat' dir='ltr'><strong>quanto</strong></span> <span class='ocrx_word' id='word_1_111' title='bbox 788 2424 889 2489; x_wconf 86' lang='lat' dir='ltr'><strong>maius</strong></span> <span class='ocrx_word' id='word_1_112' title='bbox 905 2422 1096 2510; x_wconf 91' lang='lat' dir='ltr'><strong>supplicium</strong></span> 
     </span>
     <span class='ocr_line' id='line_1_18' title="bbox 78 2551 1096 2641; baseline 0 -25"><span class='ocrx_word' id='word_1_113' title='bbox 78 2552 196 2618; x_wconf 89' lang='lat' dir='ltr'><strong>meruit</strong></span> <span class='ocrx_word' id='word_1_114' title='bbox 217 2575 299 2639; x_wconf 90' lang='lat' dir='ltr'><strong>quae</strong></span> <span class='ocrx_word' id='word_1_115' title='bbox 320 2553 353 2616; x_wconf 91' lang='lat' dir='ltr'><strong>in</strong></span> <span class='ocrx_word' id='word_1_116' title='bbox 377 2576 467 2617; x_wconf 93' lang='lat' dir='ltr'><strong>suam</strong></span> <span class='ocrx_word' id='word_1_117' title='bbox 482 2553 552 2641; x_wconf 91' lang='lat' dir='ltr'><strong>ipsa</strong></span> <span class='ocrx_word' id='word_1_118' title='bbox 566 2553 687 2639; x_wconf 90' lang='lat' dir='ltr'><strong>prolem</strong></span> <span class='ocrx_word' id='word_1_119' title='bbox 703 2553 881 2620; x_wconf 87' lang='lat' dir='ltr'><strong>saeviverit.</strong></span> <span class='ocrx_word' id='word_1_120' title='bbox 917 2551 1003 2631; x_wconf 79' lang='lat' dir='ltr'><strong>Quid</strong></span> <span class='ocrx_word' id='word_1_121' title='bbox 1019 2575 1096 2617; x_wconf 91' lang='lat' dir='ltr'><strong>vero</strong></span> 
     </span>
     <span class='ocr_line' id='line_1_19' title="bbox 75 2681 1094 2768; baseline -0.002 -22"><span class='ocrx_word' id='word_1_122' title='bbox 75 2692 173 2768; x_wconf 87' lang='lat' dir='ltr'><strong>poeta</strong></span> <span class='ocrx_word' id='word_1_123' title='bbox 193 2681 295 2747; x_wconf 76' lang='lat' dir='ltr'><strong>feeit?</strong></span> <span class='ocrx_word' id='word_1_124' title='bbox 338 2681 544 2746; x_wconf 86' lang='lat' dir='ltr'><strong>Feminarum</strong></span> <span class='ocrx_word' id='word_1_125' title='bbox 567 2703 698 2746; x_wconf 88' lang='lat' dir='ltr'><strong>causam</strong></span> <span class='ocrx_word' id='word_1_126' title='bbox 728 2703 825 2766; x_wconf 86' lang='lat' dir='ltr'><strong>agens</strong></span> <span class='ocrx_word' id='word_1_127' title='bbox 852 2681 957 2746; x_wconf 89' lang='lat' dir='ltr'><strong>mariti</strong></span> <span class='ocrx_word' id='word_1_128' title='bbox 986 2703 1094 2767; x_wconf 87' lang='lat' dir='ltr'><strong>perso-</strong></span> 
     </span>
     <span class='ocr_line' id='line_1_20' title="bbox 78 2809 1173 2900; baseline -0.008 -23"><span class='ocrx_word' id='word_1_129' title='bbox 78 2835 154 2900; x_wconf 83' lang='lat' dir='ltr'><strong>nam</strong></span> <span class='ocrx_word' id='word_1_130' title='bbox 184 2812 318 2899; x_wconf 88' lang='lat' dir='ltr'><strong>turpiter</strong></span> <span class='ocrx_word' id='word_1_131' title='bbox 348 2809 504 2897; x_wconf 88' lang='lat' dir='ltr'><strong>depressit</strong></span> <span class='ocrx_word' id='word_1_132' title='bbox 534 2833 663 2898; x_wconf 91' lang='lat' dir='ltr'><strong>prorsus</strong></span> <span class='ocrx_word' id='word_1_133' title='bbox 694 2811 841 2898; x_wconf 89' lang='lat' dir='ltr'><strong>neglecto</strong></span> <span class='ocrx_word' id='word_1_134' title='bbox 875 2811 1097 2875; x_wconf 88' lang='lat' dir='ltr'><strong>innocentium</strong></span> <span class='ocrx_word' id='word_1_135' title='bbox 1171 2865 1173 2868; x_wconf 89' lang='lat'>.</span> 
     </span>
     <span class='ocr_line' id='line_1_21' title="bbox 78 2939 1107 3008; baseline -0.003 -3"><span class='ocrx_word' id='word_1_136' title='bbox 78 2941 148 3006; x_wconf 93' lang='lat' dir='ltr'><strong>iure</strong></span> <span class='ocrx_word' id='word_1_137' title='bbox 171 2940 349 3007; x_wconf 78' lang='lat' dir='ltr'><strong>infantium.</strong></span> <span class='ocrx_word' id='word_1_138' title='bbox 388 2939 443 3008; x_wconf 82' lang='lat' dir='ltr'><strong>Sic</strong></span> <span class='ocrx_word' id='word_1_139' title='bbox 466 2965 625 3006; x_wconf 88' lang='lat' dir='ltr'><strong>summum</strong></span> <span class='ocrx_word' id='word_1_140' title='bbox 650 2941 698 3006; x_wconf 93' lang='lat' dir='ltr'><strong>ius</strong></span> <span class='ocrx_word' id='word_1_141' title='bbox 721 2963 845 3006; x_wconf 89' lang='lat' dir='ltr'><strong>summa</strong></span> <span class='ocrx_word' id='word_1_142' title='bbox 867 2940 948 3004; x_wconf 89' lang='lat' dir='ltr'><strong>solet</strong></span> <span class='ocrx_word' id='word_1_143' title='bbox 966 2961 1036 3004; x_wconf 90' lang='lat' dir='ltr'><strong>esse</strong></span> <span class='ocrx_word' id='word_1_144' title='bbox 1052 2939 1107 3002; x_wconf 86' lang='lat' dir='ltr'><strong>in·-</strong></span> 
     </span>
     <span class='ocr_line' id='line_1_22' title="bbox 81 3069 1097 3162; baseline -0.002 -28"><span class='ocrx_word' id='word_1_145' title='bbox 81 3069 163 3135; x_wconf 87' lang='lat' dir='ltr'><strong>iuria</strong></span> <span class='ocrx_word' id='word_1_146' title='bbox 185 3071 246 3135; x_wconf 92' lang='lat' dir='ltr'><strong>nisi</strong></span> <span class='ocrx_word' id='word_1_147' title='bbox 276 3095 369 3136; x_wconf 90' lang='lat' dir='ltr'><strong>suum</strong></span> <span class='ocrx_word' id='word_1_148' title='bbox 399 3072 514 3159; x_wconf 89' lang='lat' dir='ltr'><strong>cuique</strong></span> <span class='ocrx_word' id='word_1_149' title='bbox 544 3070 703 3136; x_wconf 89' lang='lat' dir='ltr'><strong>tribueris.</strong></span> <span class='ocrx_word' id='word_1_150' title='bbox 749 3069 961 3162; x_wconf 85' lang='lat' dir='ltr'><strong>Tragoediam</strong></span> <span class='ocrx_word' id='word_1_151' title='bbox 989 3076 1097 3134; x_wconf 88' lang='lat' dir='ltr'><strong>autem</strong></span> 
     </span>
     <span class='ocr_line' id='line_1_23' title="bbox 81 3196 1100 3288; baseline -0.003 -23"><span class='ocrx_word' id='word_1_152' title='bbox 81 3221 150 3265; x_wconf 90' lang='lat' dir='ltr'><strong>esse</strong></span> <span class='ocrx_word' id='word_1_153' title='bbox 173 3221 244 3264; x_wconf 88' lang='lat' dir='ltr'><strong>earn</strong></span> <span class='ocrx_word' id='word_1_154' title='bbox 266 3200 407 3265; x_wconf 87' lang='lat' dir='ltr'><strong>fabulam</strong></span> <span class='ocrx_word' id='word_1_155' title='bbox 429 3199 484 3265; x_wconf 87' lang='lat' dir='ltr'><strong>vix</strong></span> <span class='ocrx_word' id='word_1_156' title='bbox 507 3210 601 3288; x_wconf 83' lang='lat' dir='ltr'><strong>puto,</strong></span> <span class='ocrx_word' id='word_1_157' title='bbox 631 3222 695 3286; x_wconf 90' lang='lat' dir='ltr'><strong>qna</strong></span> <span class='ocrx_word' id='word_1_158' title='bbox 716 3198 891 3264; x_wconf 87' lang='lat' dir='ltr'><strong>honestatis</strong></span> <span class='ocrx_word' id='word_1_159' title='bbox 922 3198 1010 3285; x_wconf 85' lang='lat' dir='ltr'><strong>leges</strong></span> <span class='ocrx_word' id='word_1_160' title='bbox 1042 3196 1100 3262; x_wconf 89' lang='lat' dir='ltr'><strong>im·</strong></span> 
     </span>
     <span class='ocr_line' id='line_1_24' title="bbox 81 3326 817 3418; baseline -0.003 -24"><span class='ocrx_word' id='word_1_161' title='bbox 81 3351 168 3416; x_wconf 91' lang='lat' dir='ltr'><strong>pune</strong></span> <span class='ocrx_word' id='word_1_162' title='bbox 190 3351 228 3394; x_wconf 89' lang='lat' dir='ltr'><strong>ae</strong></span> <span class='ocrx_word' id='word_1_163' title='bbox 252 3329 342 3416; x_wconf 90' lang='lat' dir='ltr'><strong>quasi</strong></span> <span class='ocrx_word' id='word_1_164' title='bbox 364 3352 423 3418; x_wconf 90' lang='lat' dir='ltr'><strong>per</strong></span> <span class='ocrx_word' id='word_1_165' title='bbox 443 3327 617 3394; x_wconf 91' lang='lat' dir='ltr'><strong>ludibrium</strong></span> <span class='ocrx_word' id='word_1_166' title='bbox 640 3326 817 3393; x_wconf 88' lang='lat' dir='ltr'><strong>laedantur.</strong></span> 
     </span>
    </p>

    <p class='ocr_par' dir='ltr' id='par_1_5' title="bbox 168 3455 1100 3544">
     <span class='ocr_line' id='line_1_25' title="bbox 168 3455 1100 3544; baseline -0.002 -20"><span class='ocrx_word' id='word_1_167' title='bbox 168 3458 253 3524; x_wconf 89' lang='lat' dir='ltr'><strong>Nam</strong></span> <span class='ocrx_word' id='word_1_168' title='bbox 276 3470 311 3524; x_wconf 90' lang='lat' dir='ltr'><strong>ut</strong></span> <span class='ocrx_word' id='word_1_169' title='bbox 333 3459 449 3524; x_wconf 88' lang='lat' dir='ltr'><strong>bellurn</strong></span> <span class='ocrx_word' id='word_1_170' title='bbox 473 3482 538 3522; x_wconf 94' lang='lat' dir='ltr'><strong>non</strong></span> <span class='ocrx_word' id='word_1_171' title='bbox 561 3458 636 3523; x_wconf 92' lang='lat' dir='ltr'><strong>belli</strong></span> <span class='ocrx_word' id='word_1_172' title='bbox 662 3480 767 3540; x_wconf 82' lang='lat' dir='ltr'><strong>causa,</strong></span> <span class='ocrx_word' id='word_1_173' title='bbox 791 3455 847 3522; x_wconf 93' lang='lat' dir='ltr'><strong>sed</strong></span> <span class='ocrx_word' id='word_1_174' title='bbox 871 3479 933 3544; x_wconf 90' lang='lat' dir='ltr'><strong>quo</strong></span> <span class='ocrx_word' id='word_1_175' title='bbox 956 3481 1021 3544; x_wconf 87' lang='lat' dir='ltr'><strong>pax</strong></span> <span class='ocrx_word' id='word_1_176' title='bbox 1043 3457 1100 3522; x_wconf 93' lang='lat' dir='ltr'><strong>ho-</strong></span> 
     </span>
    </p>
   </div>
   <div class='ocr_carea' id='block_1_3' title="bbox 82 3585 1101 3677">
    <p class='ocr_par' dir='ltr' id='par_1_6' title="bbox 82 3585 1101 3677">
     <span class='ocr_line' id='line_1_26' title="bbox 82 3585 1101 3677; baseline -0.002 -25"><span class='ocrx_word' id='word_1_177' title='bbox 82 3599 175 3654; x_wconf 84' lang='lat' dir='ltr'><strong>nesta</strong></span> <span class='ocrx_word' id='word_1_178' title='bbox 198 3611 373 3677; x_wconf 86' lang='lat' dir='ltr'><strong>securaque</strong></span> <span class='ocrx_word' id='word_1_179' title='bbox 396 3599 615 3676; x_wconf 84' lang='lat' dir='ltr'><strong>recuperetur,</strong></span> <span class='ocrx_word' id='word_1_180' title='bbox 643 3586 714 3676; x_wconf 83' lang='lat' dir='ltr'><strong>geri</strong></span> <span class='ocrx_word' id='word_1_181' title='bbox 745 3586 853 3652; x_wconf 92' lang='lat' dir='ltr'><strong>debet:</strong></span> <span class='ocrx_word' id='word_1_182' title='bbox 887 3585 998 3652; x_wconf 86' lang='lat' dir='ltr'><strong>eadem</strong></span> <span class='ocrx_word' id='word_1_183' title='bbox 1028 3585 1101 3670; x_wconf 84' lang='lat' dir='ltr'><strong>lege</strong></span> 
     </span>
    </p>
   </div>
   <div class='ocr_carea' id='block_1_4' title="bbox 83 3717 1101 3806">
    <p class='ocr_par' dir='ltr' id='par_1_7' title="bbox 83 3717 1101 3806">
     <span class='ocr_line' id='line_1_27' title="bbox 83 3717 1101 3806; baseline -0.006 -23"><span class='ocrx_word' id='word_1_184' title='bbox 83 3718 144 3784; x_wconf 92' lang='lat' dir='ltr'><strong>nisi</strong></span> <span class='ocrx_word' id='word_1_185' title='bbox 168 3717 284 3805; x_wconf 88' lang='lat' dir='ltr'><strong>quibus</strong></span> <span class='ocrx_word' id='word_1_186' title='bbox 306 3717 516 3806; x_wconf 86' lang='lat' dir='ltr'><strong>tranquillitas</strong></span> <span class='ocrx_word' id='word_1_187' title='bbox 539 3717 635 3782; x_wconf 90' lang='lat' dir='ltr'><strong>animi</strong></span> <span class='ocrx_word' id='word_1_188' title='bbox 664 3717 764 3782; x_wconf 86' lang='lat' dir='ltr'><strong>maior</strong></span> <span class='ocrx_word' id='word_1_189' title='bbox 792 3717 948 3804; x_wconf 89' lang='lat' dir='ltr'><strong>quaedam</strong></span> <span class='ocrx_word' id='word_1_190' title='bbox 975 3737 1101 3800; x_wconf 88' lang='lat' dir='ltr'><strong>compa-</strong></span> 
     </span>
    </p>
   </div>
   <div class='ocr_carea' id='block_1_5' title="bbox 85 3843 1101 3934">
    <p class='ocr_par' dir='ltr' id='par_1_8' title="bbox 85 3843 1101 3934">
     <span class='ocr_line' id='line_1_28' title="bbox 85 3843 1101 3934; baseline -0.005 -22"><span class='ocrx_word' id='word_1_191' title='bbox 85 3857 182 3929; x_wconf 88' lang='lat' dir='ltr'><strong>retur,</strong></span> <span class='ocrx_word' id='word_1_192' title='bbox 207 3845 334 3911; x_wconf 87' lang='lat' dir='ltr'><strong>dolores</strong></span> <span class='ocrx_word' id='word_1_193' title='bbox 358 3846 581 3934; x_wconf 89' lang='lat' dir='ltr'><strong>cruciatusque</strong></span> <span class='ocrx_word' id='word_1_194' title='bbox 604 3845 783 3910; x_wconf 87' lang='lat' dir='ltr'><strong>animorum</strong></span> <span class='ocrx_word' id='word_1_195' title='bbox 806 3844 891 3910; x_wconf 89' lang='lat' dir='ltr'><strong>haud</strong></span> <span class='ocrx_word' id='word_1_196' title='bbox 914 3843 1031 3909; x_wconf 86' lang='lat' dir='ltr'><strong>debere</strong></span> <span class='ocrx_word' id='word_1_197' title='bbox 1053 3865 1101 3908; x_wconf 92' lang='lat' dir='ltr'><strong>ar-</strong></span> 
     </span>
    </p>
   </div>
   <div class='ocr_carea' id='block_1_6' title="bbox 0 0 1401 4426">
    <p class='ocr_par' dir='ltr' id='par_1_9' title="bbox 0 0 1401 4426">
     <span class='ocr_line' id='line_1_29' title="bbox 0 0 1401 4426; baseline 0 0"><span class='ocrx_word' id='word_1_198' title='bbox 0 0 1401 4426; x_wconf 95' lang='lat' dir='ltr'><strong> </strong></span> 
     </span>
    </p>
   </div>
  </div>
 </body>
</html>
