2758 4426
473 373 513 384 -
557 337 685 402 crz-

60 547 124 590 nos
154 525 356 590 aberraturos
380 547 449 590 esse
479 547 589 610 spero,
614 523 644 588 'si
672 533 772 590 totam
802 524 885 591 hano
914 523 1088 589 vindicabi-

60 677 136 719 mus
151 654 274 740 tragico
289 655 398 742 generi
414 653 553 719 fabulam
569 653 614 717 eis
630 651 798 718 dumtaxat
814 653 957 718 versibus
974 652 1089 740 quibus

60 783 240 848 honestatis
262 784 350 870 leges
379 783 509 870 impune
539 783 706 868 neglectae
736 781 884 848 videntur
912 781 953 846 ad
980 783 1089 869 pathe·

59 911 159 977 ticam
176 911 315 998 speciem
338 912 485 978 detrusis,
522 911 733 976 Desiderarur
748 911 878 998 quidem
899 909 998 975 iudici
1019 931 1084 974 ma·

60 1040 195 1106 turitas:
230 1039 353 1107 redolet
381 1050 489 1105 tamen
518 1041 674 1106 urbanam
702 1037 863 1127 quandam
896 1037 1085 1104 facilitatem

60 1170 176 1234 tironis
199 1169 278 1256 opus
303 1181 433 1258 poetae,
459 1194 479 1235 a
502 1193 565 1257 quo
593 1169 687 1235 docta
709 1179 757 1234 est
779 1168 889 1234 fabula
912 1169 953 1234 ol.
976 1169 1034 1250 85,
1057 1168 1087 1234 2.

152 1300 328 1386 Reliquum
359 1311 407 1366 est
436 1311 472 1364 ut
499 1312 644 1363 veterum
673 1298 860 1386 colligamus
894 1297 1086 1364 testimonia.
1115 1323 1187 1413 Π

61 1427 202 1515 Legitur
225 1439 330 1494 autem
361 1429 393 1492 in
422 1426 589 1514 hypothesi
612 1438 684 1514 post
710 1436 819 1491 notam
843 1425 1086 1492 didascalicam:

62 1558 100 1621 τὸ
135 1557 171 1620 δὲ
203 1557 308 1643 δρᾶμα
341 1558 559 1644 κωμικωτέραν
593 1556 656 1646 ἔχει
679 1559 733 1646 τὴν
763 1558 964 1646 κατασκευήν.
1000 1557 1089 1639 (sunt

65 1695 176 1750 autem
200 1686 254 1771 qui
276 1686 383 1771 legere
407 1686 519 1752 malint
534 1687 777 1772 καταστροφήν.)
802 1684 917 1750 deinde
937 1685 1087 1750 inferius:

65 1815 101 1876 τὸ
126 1813 161 1876 δὲ
184 1813 378 1900 ὃρᾶμιὶ”ἐστι
400 1817 649 1900 σατυρικώτερσν
672 1815 718 1878 ὅτι
736 1815 781 1884 εἷς
790 1815 894 1903 χαρὰν
911 1815 958 1876 καὶ
974 1813 1089 1902 ἡδονὴν

65 1943 285 2029 καταστρέφει.
332 1944 417 2030 παρὰ
440 1949 501 2007 τῶν
525 1948 744 2030 γραμματικῶν
768 1943 949 2026 ἐκβάλλεται
972 1945 1018 2012 ὡς
1039 1942 1088 2004 ἀν-

65 2069 164 2134 αίκεια
192 2075 248 2159 τῆς
270 2077 415 2160 τραγικῆς
442 2073 598 2160 ποιήσεως
618 2073 639 2134 d
658 2095 691 2135 τε
710 2069 855 2160 Ὀρέστης
883 2073 931 2134 καλ
952 2065 1094 2159 pillau)-¹

65 2223 143 2273 στις,
167 2201 212 2270 ὡς
233 2200 267 2263 ἐκ
290 2205 457 2287 συμφορᾶς
475 2207 533 2286 μὲν
561 2201 736 2290 ἀρχόμενα,
768 2203 814 2271 εἷς
835 2200 1030 2284 εὐδαιμονίαν
1054 2201 1091 2264 δὲ

65 2330 117 2391 καὶ
135 2330 238 2416 χαρὰν
260 2329 406 2417 λήξαντα,
431 2330 454 2392 ἅ
474 2329 538 2393 ἐστι
557 2330 675 2414 μᾶλλον
698 2329 866 2414 κωμῳδίας
887 2329 1029 2418 ἐχόμενα.

152 2455 245 2520 Licet
278 2478 343 2519 non
378 2456 417 2520 ab
450 2455 561 2520 eodem
596 2457 636 2520 sit
666 2456 845 2544 profectum
878 2456 1089 2542 grammatico

64 2592 237 2668 utrumque
259 2582 431 2664 iudicium,
462 2583 555 2646 nobis
582 2593 705 2668 satyros
727 2583 767 2648 ad
798 2585 958 2648 comicum
987 2607 1091 2670 genus

65 2709 279 2776 referentibus
309 2733 374 2774 non
409 2708 620 2796 disiungenda
651 2721 700 2776 est
729 2713 888 2796 quaestio:
922 2712 985 2776 hoc
1016 2735 1091 2776 vero

66 2841 139 2904 luce
170 2839 286 2904 clarius
313 2849 446 2926 apparet
474 2863 514 2905 ex
542 2839 603 2904 illis
632 2839 813 2923 ἐκβάλλεται
840 2866 865 2905 κ.
889 2865 914 2905 τ.
937 2843 964 2904 λ.
992 2841 1091 2925 vulgo

67 2967 268 3052 tragoediam
290 2967 432 3033 habitam
455 2991 524 3034 esse
546 2968 698 3036 Alcestin.
743 2970 822 3035 Inde
854 2979 941 3034 recta
966 2965 1092 3032 deveni-

68 3118 142 3159 mus
170 3095 222 3160 via
255 3094 296 3159 ad
329 3096 482 3172 iudicium
511 3095 621 3162 Glumi
655 3097 744 3176 (diss.
775 3121 806 3183 p.
828 3097 899 3180 51):
938 3095 1093 3178 „multum

70 3224 159 3290 valet
180 3225 242 3290 hoc
264 3237 491 3312 argumentum
514 3225 554 3290 ad
578 3223 814 3312 explodendam
830 3247 910 3296 eam.
924 3224 1090 3288 nonnullo·

73 3377 144 3418 rum
168 3354 359 3438 opinionem,
383 3378 447 3442 qua
465 3365 576 3441 poetas
600 3353 748 3440 antiquos
764 3377 828 3418 non
845 3364 985 3417 certasse
1003 3364 1093 3416 autu-

72 3491 162 3546 mant
192 3481 253 3546 nisi
274 3482 454 3568 tetralogiis
477 3481 606 3547 definita
629 3481 767 3568 quadam
790 3505 828 3546 ac
852 3481 945 3546 certis
969 3481 1094 3566 legibus

72 3610 226 3678 adstricta
249 3610 479 3698 compositione
501 3612 676 3681 formatis.“
699 3651 741 3700 7-

158 3740 319 3805 Nimirum
342 3740 369 3804 si
391 3739 533 3805 licuisset
548 3738 587 3804 ad
606 3739 775 3825 satyricam
789 3740 917 3805 fabulae
933 3737 1092 3802 condicio·

575 3835 584 3858 .

72 3891 148 3934 nens
176 3867 467 3948 demonstrandam,
483 3857 605 3954 'ecquis
634 3867 744 3932 credat
772 3867 996 3953 grammaticos
1024 3865 1094 3928 illos
