2758 4426
503 337 695 401 ..9-

83 537 148 609 tur,
179 525 235 591 sed
262 548 419 591 annorum
448 547 678 612 saepenumero
709 534 741 591 et
770 525 974 591 saeculorum
1003 524 1105 612 spatia

83 633 235 741 requirit:
259 653 412 742 quocirca
435 652 614 738 Aeschylus
643 661 707 718 tres
736 651 917 736 tragoedias
948 663 1011 718 tam
1036 663 1104 718 arte

84 780 263 865 coniunxit,
287 794 322 848 ut
344 781 436 869 quasi
457 792 522 846 tres
545 779 685 846 eiusdem
714 781 842 847 fabulae
865 794 955 848 actus
979 782 1104 880 fierent.

80 911 196 977 Tertia
218 933 294 976 vero
317 909 483 996 tragoedia
505 909 550 976 sio
572 910 638 974 fere
663 921 847 997 comparata
870 933 939 977 esse
954 912 1048 994 solet,
1072 923 1106 978 ut

84 1037 207 1104 nodum
221 1038 304 1104 iusta
318 1037 465 1125 laetaque
481 1037 602 1104 ratione
615 1037 755 1102 solutum
767 1014 934 1104 ostendat:
954 1039 1103 1126 exempla

86 1179 162 1232 sunt
192 1165 447 1253 Hypermnestra
476 1165 587 1252 capitis
616 1166 770 1248 absoluta,
801 1167 941 1250 Orestes,
970 1167 1101 1232 Prome-

81 1296 179 1362 theus
206 1295 338 1376 solutus,
366 1293 443 1359 urbs
470 1293 656 1360 Thebarum
687 1305 821 1361 servata.
867 1295 980 1383 Neque
1009 1295 1102 1362 aliter

84 1447 154 1490 rem
177 1447 211 1488 se
233 1423 383 1488 habuisse
406 1422 519 1510 opinor
541 1421 574 1486 in
597 1420 771 1507 deperditis
793 1422 918 1490 fabulis.

172 1551 270 1617 Haud
294 1551 369 1616 satis
392 1551 622 1637 circumspecte
637 1550 713 1614 mihi
736 1550 862 1616 videtur
884 1550 924 1617 de
940 1551 1101 1637 Aeschylo

79 1682 243 1748 iudicasse
271 1681 465 1768 Sophocles:
501 1680 528 1744 εἷ
554 1681 601 1743 καὶ
629 1681 667 1744 τὰ
696 1680 809 1744 δέοντα
838 1683 932 1758 ποιεῖ,
962 1681 1025 1744 ἀλλ’
1048 1681 1104 1745 οὐκ

84 1813 181 1881 εἰδώς
201 1831 248 1894 γε.
292 1810 452 1875 Nimirum
474 1809 527 1874 ille
551 1807 680 1896 quidem
703 1809 822 1896 optime
855 1809 915 1876 sibi
938 1832 1101 1898 persuase-

84 1950 145 2022 rat,
167 1961 242 2023 cum
263 1938 294 2002 in
318 1940 388 2024 ipsa
410 1937 484 2020 vita,
508 1949 577 2002 turn
600 1937 632 2001 in
655 1948 724 2002 arte
747 1937 871 2022 tragica
900 1939 1000 2024 primo
1028 1940 1100 2006 loco

83 2065 256 2132 colendum
279 2087 348 2134 esse
371 2065 511 2130 animum
535 2078 657 2130 castum
687 2076 718 2130 et
741 2066 901 2131 sincerum
924 2077 956 2132 et
979 2067 1033 2154 qui
1056 2069 1102 2133 nil

84 2197 147 2263 nisi
168 2198 287 2262 bonum
319 2219 379 2284 pro
412 2195 524 2284 pulcro
547 2194 694 2260 haberet:
729 2219 839 2262 omnes
874 2207 982 2262 autem
1014 2219 1097 2285 quae

81 2325 310 2411 extinguerent
332 2323 505 2390 candidum
527 2323 615 2388 illum
638 2334 669 2389 et
692 2325 865 2410 ingenuum
888 2323 1030 2390 veritatis
1047 2348 1099 2391 co·

87 2456 188 2520 lorem
225 2454 301 2518 artis
327 2453 497 2518 blanditias
525 2477 584 2541 pro
618 2454 692 2520 fuco
722 2478 760 2520 ac
787 2454 922 2520 fallaciis
951 2477 1019 2521 esse
1046 2455 1098 2520 ha-

85 2582 216 2649 bendas.
886 2631 889 2657 .

169 2711 344 2776 Imminuta
375 2709 448 2775 dein
470 2711 574 2798 magis
596 2711 761 2799 magisque
792 2713 898 2800 prisca
920 2713 1036 2801 pietate
1063 2735 1100 2778 ac

83 2840 240 2928 religione
261 2839 376 2928 tragici
399 2862 526 2926 quoque
549 2851 662 2927 poetae
696 2864 760 2906 non
783 2842 919 2929 amplius
943 2865 1098 2906 summam

82 2979 185 3034 artem
209 2968 423 3056 respiciebant
455 2969 630 3035 minoribus
664 2970 759 3035 rebus
786 2973 960 3036 maximam
983 2993 1100 3035 navan-

83 3107 132 3162 tes
161 3119 281 3161 curam.
332 3095 463 3161 Initium
494 3097 570 3162 facit
598 3097 790 3184 Sophocles:
823 3099 878 3187 qui
907 3123 1005 3188 quom
1034 3123 1099 3164 non

85 3226 213 3292 desinat
235 3225 365 3291 modum
389 3249 426 3290 ac
449 3225 636 3292 modestiam
661 3228 803 3311 suadere,
830 3229 970 3294 celebrat
992 3240 1098 3295 tamen

85 3368 119 3420 et
143 3353 318 3420 admiratur
341 3366 488 3420 naturam
511 3356 647 3421 hominis
664 3357 773 3440 (πολλὰ
796 3359 833 3421 τὰ
855 3358 940 3422 δεινὰ
962 3383 987 3422 κ.
1011 3383 1035 3422 τ.
1059 3361 1099 3440 λ.)

82 3485 180 3572 plane
199 3481 323 3548 diverso
339 3505 428 3550 more
443 3484 483 3548 ab
501 3483 672 3570 Aeschylo.
706 3483 805 3550 Haud
821 3485 936 3572 ignoro
953 3485 1100 3572 equidem

51 3654 65 3674 ,
82 3623 223 3678 mutatas
247 3623 425 3700 temporum
449 3613 665 3679 conditiones:
695 3617 818 3702 etquis
841 3617 1006 3702 negaverit
1035 3615 1099 3679 ani-

85 3741 147 3806 mis
169 3742 263 3806 altius
279 3742 520 3829 penetrantibus
537 3742 588 3807 vix
605 3743 746 3828 potuisse
762 3743 945 3808 satisfacere
961 3743 1100 3826 Aeschy-

83 3869 167 3934 leam
183 3891 290 3936 rerum
307 3871 485 3936 divinarum
501 3871 807 3959 interpretationem.
831 3871 987 3937 Homines
1003 3893 1097 3959 quom
