2758 4426
495 342 704 407 ..21..

86 532 149 597 mis
170 531 262 596 malis
284 530 483 617 miseriisque
502 529 600 617 ipsios
617 529 823 596 solitudinem
838 541 1024 597 excusasset
1038 531 1109 596 hos·

85 661 147 747 piti
168 671 236 724 tum
258 657 467 746 dignissimus
491 669 560 724 erat
584 681 641 724 rex
657 658 825 741 Admetus,
848 659 890 724 ad
906 683 999 747 quem
1023 659 1110 725 dein-

87 811 166 874 ceps
189 785 383 852 redundaret
406 785 508 852 omnis
532 785 664 851 deorum
686 787 800 872 gratia.

175 917 227 982 Ex
249 913 378 980 Admeti
403 924 509 978 autem
538 935 676 1002 persona
705 913 824 1001 pendet
852 915 950 982 totius
981 915 1108 981 fabulae

89 1042 248 1110 condicio.
283 1040 409 1120 Quodsi
434 1051 522 1108 recte
546 1041 776 1109 contenderent
793 1041 892 1110 Glum
907 1044 1037 1129 Kdohly
1059 1044 1112 1110 alii

92 1195 225 1260 prorsus
248 1173 402 1259 ignavum
426 1181 457 1238 et
480 1171 641 1237 abiectum
667 1171 833 1260 ingenium
856 1171 1052 1261 deprehendi
1066 1195 1111 1240 re·

92 1305 144 1393 gis
174 1305 366 1371 Phocarum:
397 1315 464 1368 tum
494 1301 623 1390 quidem
654 1301 818 1390 Euripidis
845 1302 953 1367 fabula
981 1301 1112 1367 minime
1190 1285 1196 1300 ⁵

91 1433 134 1499 ed
157 1433 315 1520 tragicum
338 1455 441 1520 genus
466 1433 580 1498 referri
602 1431 749 1515 deberet,
772 1454 835 1519 quo
859 1431 888 1496 ei
911 1431 1113 1512 celebrentur

91 1561 246 1643 homines,
270 1561 324 1648 qui
348 1583 444 1648 quorn
468 1573 579 1648 spreta
602 1561 727 1648 vulgari
743 1558 975 1626 consuetudine
990 1560 1113 1624 maiora

92 1701 283 1776 sequantur,
307 1713 348 1754 ne
372 1688 543 1754 delirantes
565 1687 695 1776 quidem
718 1687 858 1752 abiciant
887 1699 1031 1752 nostram
1059 1709 1112 1775 ge-

92 1819 178 1884 neris
201 1817 330 1883 humani
352 1816 562 1883 maiestatem.
597 1819 705 1904 Atque
729 1815 875 1904 quamvis
896 1815 998 1882 multo
1013 1815 1113 1881 mino-

93 1969 163 2012 rem
185 1947 217 2010 in
242 1944 371 2013 Admeti
393 1945 536 2010 moribus
553 1968 648 2032 quem
664 1944 834 2032 oportebat
849 1967 959 2010 curam
978 1943 1113 2009 colloca-

93 2077 178 2141 verit
200 2087 305 2163 poeta,
329 2075 390 2142 hoo
406 2087 493 2141 recte
509 2073 709 2141 contendunt
722 2072 891 2140 Bendixen
907 2083 939 2140 et
955 2072 1113 2138 Minok·

91 2225 122 2266 w
132 2201 239 2286 itz⁸):
256 2204 378 2268 nullum
395 2214 522 2268 exstare
538 2202 718 2290 vestigium,
734 2224 798 2289 quo
815 2201 1026 2268 concludatur
1041 2223 1134 2268 con-

98 2329 182 2394 sulto
204 2329 245 2394 eb
260 2329 415 2418 Euripide
438 2329 620 2417 depressam
643 2352 712 2395 esse
731 2351 802 2395 eam
824 2351 1011 2418 personam:
1034 2303 1136 2417 quinl

93 2436 170 2521 satis
192 2469 326 2544 apparet
346 2479 386 2522 ex
408 2457 566 2545 Apollinis
588 2457 735 2524 laudibus
758 2460 801 2542 (v.
819 2460 860 2524 lt)
882 2458 922 2525 cf.
946 2459 1032 2524 ὁσίου
1052 2459 1113 2545 γὰρ

92 2585 213 2672 ἀνδρὸς
240 2588 328 2657 ὅσιος
355 2586 399 2650 ὢν
422 2585 588 2676 ἐτύγχανον
610 2624 652 2636 -
684 2609 736 2654 vv.
760 2587 939 2670 601-605,
963 2587 1026 2653 809
1048 2585 1140 2684 al),l

93 2713 223 2801 qualem
251 2713 311 2778 sibi
339 2713 468 2778 finxerit
496 2714 668 2801 Euripides
699 2714 882 2781 Admetum.
935 2712 1009 2792 Qun
1036 2737 1113 2780 vero

90 2841 217 2908 ratione
239 2851 315 2929 apte
337 2841 476 2928 potuerit
498 2841 609 2928 augeri
627 2851 723 2928 etque
745 2842 896 2908 illustrari
920 2843 1006 2930 regis
1031 2841 1115 2907 Phe·

8 3061 10 3068 Ι
93 2970 162 3036 raei
188 2992 335 3058 persona,
364 2975 397 3036 et
419 2968 472 3036 W.
495 2967 622 3035 Goethe
644 2969 678 3034 in
701 2992 739 3035 ea
767 2970 878 3036 fabula
904 2993 1001 3058 quam
1029 2973 1115 3036 Deos

93 3100 211 3164 heroas
234 3111 265 3163 et
288 3097 506 3164 Wielandium
528 3097 692 3184 inscripsit
720 3097 873 3164 simulans
901 3097 954 3162 ille
984 3097 1116 3185 quidem

95 3247 132 3291 se
159 3223 324 3314 Euripidis
354 3225 462 3291 dicere
491 3247 620 3290 eausam
650 3224 897 3310 demonstravit,
928 3237 960 3292 et
989 3237 1117 3292 nosmet

95 3353 159 3440 ipsi
181 3353 356 3420 secundum
378 3354 579 3441 Aeschyleae
607 3354 685 3420 artis
714 3353 870 3422 rationem
898 3355 1008 3442 paucis
1041 3352 1117 3420 deli-

97 3505 196 3549 neare
218 3489 325 3548 conati
348 3507 466 3549 sumus.

168 3806 194 3868 8)
212 3802 264 3878 Des
282 3801 415 3871 Euripides
438 3803 555 3856 Dromon.
591 3802 758 3855 Vendeutscht
783 3819 806 3856 v.
830 3801 978 3855 Minclrwits.
1013 3800 1118 3856 Einloit

99 3909 122 3943 ι.
139 3889 261 3943 Allsestis.
