2758 4426
482 370 695 436 ...15-

72 554 213 620 randum
234 557 276 622 sit
298 541 389 621 nobis
412 567 638 644 argumentum
661 559 790 624 fabulae
813 531 853 624 an
877 583 928 626 ars
946 562 1093 650 ratioque

72 685 218 770 poetae?
257 685 370 751 Artem
398 697 489 772 puto.
534 684 643 765 Quare
671 688 786 754 faciem
815 691 996 776 argumenti
1025 715 1092 780 my-

73 813 154 878 thici
175 814 278 878 minus
303 813 500 880 curabimus:
524 815 600 880 artis
622 816 760 882 formam
782 817 942 906 pertinere
971 819 1011 886 ad
1042 842 1095 885 co-

73 941 197 1008 micum
219 965 321 1028 genus
344 939 572 1032 iudicabimus,
600 966 660 1009 nec
689 955 796 1009 tamen
825 968 890 1012 non
919 945 1093 1012 admodum

72 1092 229 1159 magnum
252 1071 411 1163 interesse
432 1069 602 1137 discrimen
625 1071 708 1136 inter
735 1073 935 1139 comoediam
957 1075 1095 1156 (Aristo-

73 1201 247 1290 phaneam)
270 1211 302 1266 et
324 1209 457 1286 satyros.
497 1199 605 1286 Satyri
628 1201 714 1265 enim
745 1201 865 1288 (quoad
894 1201 985 1268 nobis
1014 1203 1094 1270 licet

74 1329 235 1410 conicere)
259 1354 359 1419 paene
382 1331 459 1396 nihil
481 1331 634 1418 agebant,
657 1331 718 1395 nisi
741 1342 777 1397 ut
798 1331 876 1396 iocis
899 1333 1008 1420 lepore
1030 1331 1090 1396 las-

78 1457 163 1524 civia
191 1457 368 1524 detinerent
401 1459 661 1546 delectarentqua
695 1459 939 1527 multitudinem.
988 1459 1091 1548 quue

76 1586 158 1652 mihi
180 1586 281 1652 solum
305 1586 432 1654 videtur
454 1589 606 1674 satyricae
630 1589 706 1654 artis
729 1591 906 1678 proprium,
928 1614 988 1657 nec
1004 1591 1092 1657 dubi·

77 1718 215 1783 taverim
237 1740 347 1783 omnes
369 1719 421 1782 vel
449 1719 632 1804 posterioris
664 1717 863 1806 antiquitatis
891 1719 944 1784 vel
972 1730 1095 1784 nostra·
1177 1799 1179 1802 .

74 1849 157 1913 tium
173 1871 252 1936 quas
267 1847 378 1912 dicunt
390 1846 571 1913 comoedias
584 1846 686 1912 eidem
698 1847 861 1936 assignare
876 1847 989 1912 comici
1001 1871 1096 1934 gene-

77 1978 123 2043 ris
147 1977 275 2066 speciei,
298 1977 349 2042 cui
371 1988 498 2043 maneat
520 2000 577 2064 per
598 2000 650 2043 me
665 1977 740 2042 licet
756 2000 934 2064 cognomen
950 1978 1097 2062 satyrica.

81 2105 254 2184 Quomodo
278 2118 383 2172 autem
405 2107 526 2172 factum
550 2107 606 2189 sit,
637 2117 672 2172 ut
694 2109 726 2171 in
755 2106 962 2194 capripedum
989 2107 1096 2172 locum

79 2233 270 2320 Satyrorum
298 2235 453 2322 paulatim
483 2233 672 2300 successerit
699 2257 865 2300 servorum
894 2215 1120 2300 meretricum

79 2365 294 2453 parasitorum
305 2365 406 2446 turba,
419 2365 480 2430 hoc
493 2363 622 2452 quidem
633 2364 706 2430 loco
719 2363 852 2450 longum
864 2374 911 2428 est
923 2386 1094 2451 exponere.

161 2496 232 2560 Iam
262 2505 368 2561 autem
397 2517 511 2561 vereor
541 2517 582 2560 ne
611 2517 754 2560 summae
783 2494 992 2582 adrogantiae
1020 2493 1121 2612 rouel

80 2623 170 2688 dicar
193 2645 288 2709 quom
312 2646 378 2688 non
401 2633 571 2690 contentus
593 2623 695 2696 tribus
715 2623 776 2688 illis
790 2623 955 2689 vocabulis
971 2624 1095 2690 usitatis
1118 2613 1127 2682 l

1126 2685 1133 2744 l

78 2749 258 2838 (tragoedia
281 2749 449 2816 comoedia
471 2749 622 2837 satyrica)
646 2761 795 2838 quartum
818 2751 981 2839 quoddam
1011 2775 1096 2818 com·
1125 2749 1134 2865 l

76 2877 285 2944 mandaturus
308 2877 384 2942 sim:
408 2877 559 2943 nimirum
580 2889 616 2943 ut
639 2879 738 2965 satyri
760 2879 926 2944 nunidem
943 2881 1094 2951 telocse·
1117 2874 1126 2967 l

77 3014 202 3088 cuntur,
225 3029 337 3071 verum
359 3017 465 3072 tamen
487 3006 589 3072 isdem
604 3007 671 3072 fere
687 3009 800 3095 quibus
819 3007 984 3074 comoedia
1000 3019 1093 3072 utun·
1116 2977 1123 3081 l

356 3101 358 3125 l

75 3143 130 3198 tur
158 3133 376 3199 instrumentis
399 3173 441 3184 —
472 3135 583 3200 eadem
611 3135 680 3220 lege
708 3135 874 3222 probabile
902 3147 950 3202 est
978 3135 1116 3224 tragici¹

78 3284 208 3350 quoque
230 3263 357 3350 generis
381 3286 449 3329 esse
472 3263 619 3351 speciem,
643 3286 724 3352 quae
747 3265 870 3353 tragico
886 3265 1024 3354 quodam
1040 3289 1093 3353 ap·
1115 3294 1131 3347 χ

75 3401 191 3480 paratu
213 3393 369 3458 instructa
390 3393 486 3458 finem
508 3393 693 3480 tragoediae
714 3395 801 3461 haud
828 3395 873 3461 ita
895 3405 1092 3484 assequatur.
1121 3356 1132 3487 l

162 3519 252 3587 Cedo
269 3522 431 3609 exempla!
455 3521 572 3588 dixerit
588 3523 712 3612 aliquis.
747 3526 817 3612 Ego
833 3531 909 3592 vero
925 3529 1093 3592 vehemen-
1120 3503 1126 3516 .

76 3661 126 3716 ter
146 3675 260 3716 vereor
282 3676 322 3718 ne
344 3653 446 3720 multo
469 3654 571 3719 maior
590 3655 851 3752 'deprehendatur
870 3657 1092 3742 exemplorum

76 3803 228 3845 numerus
251 3804 348 3868 quam
372 3783 491 3868 cupias.
529 3783 614 3848 Nam
637 3784 698 3848 nisi
721 3785 815 3849 certis
839 3793 871 3848 et
893 3783 1018 3847 invictis
1037 3783 1093 3846 ho·

77 3909 208 3972 nestatis
231 3908 356 3996 legibus
380 3911 487 3990 uteris,
511 3910 580 3976 fieri
603 3935 666 3976 non
691 3923 796 3999 potest
817 3911 894 3999 quin
912 3933 979 3976 rem
996 3912 1090 3976 affcc-
