2758 4426
679 335 894 402 ...ω-

273 530 382 604 natus,
406 521 585 609 praemium
615 521 740 588 virtutis
770 522 912 588 rediviva
940 523 1085 590 redditur
1113 545 1206 592 uxor.
1252 524 1293 589 Iu

273 672 311 716 eo
335 659 452 734 autem,
479 649 566 737 quod
588 673 648 738 pro
671 649 742 737 ipso
765 661 902 716 mortem
925 650 1015 716 obire
1036 651 1207 738 coniugem
1230 672 1296 718 ma·

251 788 353 854 ’ritus
375 810 488 876 passus
511 799 574 870 est,
597 788 729 854 minime
752 787 893 854 offendet
914 791 969 876 qui
998 801 1141 854 veterum
1168 789 1208 854 dc
1238 813 1292 852 oa-

271 915 339 1002 pite
359 915 503 982 mulieris
527 916 716 1005 cognoverit
731 916 857 1004 placita.
882 915 947 996 (cf.
969 917 1039 1006 Iph.
1057 917 1132 982 Aul.
1148 941 1179 984 v.
1197 917 1292 984 1394.

271 1045 403 1114 Aristot.
425 1046 495 1114 Pol.
517 1047 544 1130 Ι,
566 1046 595 1112 5.
619 1043 814 1112 seha-:12
830 1045 932 1113 Bekk.
957 1046 1049 1113 Poet.
1066 1045 1139 1129 XV,
1163 1047 1208 1126 3.)

357 1174 427 1240 Iam
456 1173 622 1262 Euripidis
650 1175 836 1265 evolvamus
864 1175 1008 1242 Alcestin
1031 1177 1220 1240 sententiam
1248 1175 1293 1240 la-

270 1301 334 1368 turi
358 1301 396 1368 de
418 1312 486 1368 arte
508 1311 631 1390 poetae.
676 1301 882 1368 Desiderabis
904 1305 1048 1392 profecto
1072 1303 1291 1388 Aeschyleum

271 1431 464 1496 cothurnum
486 1469 529 1480 —
551 1431 668 1498 licebat
689 1431 839 1496 nimirum
862 1443 975 1518 poetae
990 1455 1054 1498 non
1070 1431 1162 1518 quasi
1177 1432 1292 1497 fortui-

270 1571 339 1626 tum
373 1559 513 1646 aliquem
545 1582 654 1626 casum
688 1567 765 1648 (quo
800 1583 925 1647 semper
962 1559 1066 1625 miuus
1103 1560 1292 1646 affliguntur

270 1687 382 1772 animi)
404 1709 554 1752 enarrare
576 1687 724 1753 morbum
748 1687 893 1770 Admeti,
916 1689 1014 1783 immo
1037 1687 1160 1776 fingere
1189 1687 1291 1754 nimio

202 1867 207 1877 .
270 1813 408 1902 quodam
432 1815 613 1902 nuptiarum
641 1815 747 1881 studio
774 1827 961 1906 correptum
988 1840 1098 1903 regem
1129 1817 1290 1882 sanctissi-

270 1969 358 2012 mum
386 1945 515 2011 Dianae
542 1968 661 2011 numen
691 1945 881 2034 neglexisse.
927 1945 1012 2010 Tum
1041 1944 1119 2011 Orci
1149 1967 1290 2031 persone

269 2099 335 2142 non
357 2076 557 2163 importunas
581 2098 653 2140 cum
671 2075 820 2162 Apolline
843 2074 1020 2138 simultates
1046 2096 1205 2156 exercere,
1230 2073 1290 2138 sed

270 2205 311 2271 ad
348 2203 587 2270 similitudinem
616 2206 776 2292 quandam
811 2204 968 2271 accedens
997 2203 1213 2270 Eumenidum
1242 2203 1290 2268 iu-

269 2345 351 2399 stam
375 2333 504 2399 sceleris
533 2355 673 2419 poenam
700 2332 862 2398 vindicare
886 2333 1032 2401 debebat.
1078 2331 1187 2398 Ohoro
1209 2354 1288 2398 vero

270 2461 536 2549 suppeditabatur
559 2461 691 2548 egregia
712 2460 940 2530 sententiarum
970 2461 1119 2542 materia,
1150 2460 1176 2524 ai
1205 2460 1287 2545 opti-

268 2616 339 2658 mus
362 2615 419 2658 rex
442 2589 602 2656 Admetus
629 2601 735 2656 temen
766 2600 798 2656 et
824 2589 894 2676 ipsa
920 2587 1184 2675 intemperantiae
1212 2608 1287 2652 reus

268 2719 450 2802 exstitisset,
472 2719 612 2786 Alcestis
635 2727 744 2784 autem
760 2718 865 2802 (euius
887 2717 986 2782 nimio
1010 2739 1118 2782 amore
1138 2737 1286 2781 occaeca-

272 2859 324 2914 tus
353 2847 473 2914 coniux
500 2849 652 2914 sollemne
682 2869 809 2912 suerum
838 2846 1000 2930 omiserat)
1032 2845 1285 2911 amantissimum

266 2976 416 3042 maritum
440 2976 597 3064 optimum
620 2999 731 3063 regem
752 2975 893 3041 mulieris
922 2997 1018 3040 causa
1044 2983 1282 3062 praematuram

269 3105 359 3170 obire
391 3113 527 3170 mortem
560 3102 796 3191 dedignaretur.
854 3102 986 3169 Admeti
1015 3102 1162 3168 condicio
1190 3102 1286 3168 facile

267 3233 313 3298 sie
336 3243 472 3321 poterat¹
486 3231 623 3319 depingi,
646 3241 682 3297 ut
698 3232 908 3319 languescens
924 3251 1059 3317 corpore
1077 3229 1285 3297 semimortuo

267 3360 431 3428 cordatam
460 3360 609 3426 cohibere
633 3359 804 3446 coniugem
832 3382 898 3424 non
926 3361 990 3424 iam
1018 3359 1156 3426 valeret:
1185 3381 1285 3448 porro

270 3489 296 3554 si
318 3489 417 3577 patris
440 3491 549 3577 (quem
572 3489 663 3554 senili
687 3486 825 3576 quadam
847 3489 1034 3554 morositate
1049 3488 1284 3575 acerbitateque

265 3617 445 3706 praeditum
473 3615 574 3684 etad
602 3616 782 3704 priscorum
810 3616 974 3704 exemplar
1001 3617 1223 3684 Romanorum
1251 3616 1284 3681 in

266 3746 353 3836 ipsos
376 3747 457 3813 filios
480 3744 803 3812 animadvertentium
825 3744 993 3812 commode
1008 3746 1180 3833 fingemus)
1196 3767 1285 3811 seve-

264 3897 317 3942 ras
340 3875 574 3943 criminationes
598 3895 703 3963 aequo
725 3874 851 3941 tulisset
874 3873 995 3958 animo,
1016 3895 1123 3961 neque
1144 3873 1176 3938 in
1199 3894 1284 3938 sum·
