2758 4426
478 349 692 416 ..17-.

76 540 233 626 praebent
254 538 405 604 Atellana
424 538 644 604 Romanorum
668 547 701 603 et
722 536 848 604 mimus.
891 534 1020 624 Quippe
1040 535 1097 602 mi-

76 667 247 756 mographi
269 665 456 754 plebeculae
478 665 650 732 cachinnos
667 665 826 753 captaturi
842 665 1028 752 frequenter
1042 661 1097 730 ho·

76 805 235 862 aestatem
262 797 414 884 pietatem
444 794 630 882 pudicitiam
660 791 800 860 ludibrio
829 793 963 874 babere,
992 813 1097 879 neque

77 925 232 992 decorum
260 948 324 992 uon
354 925 493 1014 dirigere
521 926 562 990 ad
591 949 682 992 usum
713 926 799 1002 vitae
830 947 1032 992 communem
1065 934 1097 989 et

76 1054 244 1140 vulgarem
267 1052 427 1142 quandam
451 1053 620 1120 utilitatem
643 1053 814 1120 audebant.

167 1181 320 1252 Similiter
342 1183 397 1249 ubi
419 1207 478 1271 pro
494 1183 611 1249 virtute
627 1184 679 1249 vel
694 1184 903 1271 impotentem
920 1181 1097 1250 lubidinem

77 1312 132 1378 vel
156 1313 384 1400 procacitatem
404 1313 456 1378 vel
471 1311 664 1400 impietatem
680 1313 712 1378 in
731 1314 891 1380 severiore
906 1321 976 1378 arte
992 1311 1096 1376 colue-

76 1441 141 1523 ris,
164 1463 228 1506 non
252 1441 460 1528 tragoediam,
483 1465 523 1506 ne
545 1441 738 1529 patheticam
761 1443 890 1530 quidem
913 1440 1030 1508 efficies
1052 1442 1095 1506 fa·

76 1571 184 1636 balam
208 1569 330 1635 -sed
353 1571 569 1636 effeminatam
592 1581 624 1636 et
647 1594 807 1658 spurcam.

165 1699 231 1766 Ubi
253 1721 330 1764 vero
354 1722 512 1764 summam
535 1699 612 1765 artis
634 1699 822 1788 dignitatern
836 1699 889 1788 pio
907 1699 1012 1764 auimo
1029 1710 1097 1764 tue·
1109 1705 1125 1792 p

78 1829 136 1912 ris,
167 1829 263 1916 paulo
292 1829 396 1893 minus
425 1839 457 1894 te
480 1828 574 1894 decet
595 1851 757 1893 morosam
779 1829 873 1893 istam
897 1827 1094 1914 diligendam
1111 1801 1123 1906 3

77 1960 111 2022 iu
133 1958 228 2023 rebus
249 1957 372 2046 pusillis
395 1957 569 2041 collocare,
585 1947 656 2046 'qna
677 1958 813 2025 fortasse
836 1957 938 2024 critici
961 1958 1119 2044 cupiunt:

77 2088 213 2153 liberum
236 2099 326 2154 tuum
350 2087 550 2176 adstringere
562 2061 747 2177 ingenium.
786 2087 949 2154 Nimirum
971 2111 1097 2176 semper
1120 2075 1125 2108 3

75 2215 195 2282 mixtas
218 2241 291 2282 eum
312 2217 457 2283 tristibus
479 2218 579 2284 laetas
601 2239 653 2283 res
675 2217 841 2284 hominum
857 2217 924 2282 vita
938 2226 1097 2304 procreat,

76 2356 109 2411 et
130 2346 425 2412 vehementissimas
445 2355 650 2434 tempestates
665 2368 744 2411 mox
759 2345 881 2433 excipit
896 2355 987 2431 grata
1004 2367 1099 2432 quae-

81 2474 155 2540 dam
179 2477 304 2565 γαλήνη.
343 2475 507 2542 Thersites
530 2487 562 2542 et
584 2476 653 2564 ipse
676 2485 774 2562 auget
795 2475 976 2563 principum
998 2472 1100 2540 Grae·
1146 2519 1152 2580 ἶ

78 2625 190 2667 corum
213 2601 411 2690 dignitatem,
432 2625 538 2691 neque
559 2602 720 2669 Hercules
743 2603 796 2670 ille
819 2603 876 2691 (cf.
898 2603 998 2670 Here.
1017 2603 1098 2670 Fur.
1148 2581 1150 2606 3

75 2756 107 2798 v.
131 2733 193 2799 628
216 2739 296 2822 seq.)
319 2733 445 2800 videtur
467 2734 540 2800 ioca
563 2757 634 2800 curn
658 2733 835 2800 infantibus
864 2756 963 2822 agens
992 2754 1099 2820 perso·
1142 2731 1156 2800 3,
1184 2717 1250 2726 ....

76 2882 138 2925 nae
161 2883 236 2926 suae
260 2860 370 2928 deesse
392 2863 554 2950 gravitati.
588 2863 732 2952 Imperat
751 2861 880 2951 quidem
902 2862 973 2944 ipsa
989 2883 1098 2926 rerum

78 2997 202 3072 natura,
224 2990 368 3076 tragicus
390 3001 426 3057 ut
447 2991 592 3079 inprimis
609 3000 762 3080 sequatur
778 2988 977 3078 dignitatem,
1000 2987 1099 3053 comi·

77 3139 134 3181 eus
157 3115 255 3182 decus
276 3118 497 3206 leporemque:
520 3129 656 3207 uterque
678 3128 783 3186 autem
806 3118 980 3205 plurimum
1002 3116 1097 3205 profi-

80 3244 158 3328 ciet,
195 3245 452 3335 quandocunque
485 3247 640 3314 maiorem
675 3247 835 3336 quendam
866 3247 1017 3312 effoetum
1045 3268 1097 3310 ara

77 3372 146 3440 eius
165 3373 299 3464 requirit
321 3374 348 3439 ai
371 3377 618 3442 commutaverit
633 3376 685 3443 vel
701 3399 774 3442 oum
790 3399 885 3442 socco
903 3374 1097 3442 cothurnum
1127 3407 1128 3410 ¹

76 3501 129 3567 vel
151 3499 223 3568 viee
246 3525 340 3569 versa
361 3542 403 3554 —
424 3505 619 3572 incredibilis
642 3506 727 3572 enim
747 3527 865 3572 enovo
881 3515 978 3592 atque
992 3504 1097 3592 inape·
1125 3541 1127 3546 ·

75 3638 148 3695 rato
175 3630 320 3696 nascitur
350 3631 511 3720 voluptas.
555 3633 627 3700 Nec
656 3657 722 3700 nou
751 3633 912 3721 legitimus
940 3631 1097 3698 eiusmodi
1123 3621 1126 3686 Ᾱ

77 3756 170 3824 dolus
186 3758 343 3826 nominari
358 3770 473 3848 potest,
497 3761 656 3850 siquidem
671 3785 688 3830 e
704 3762 867 3830 communi
883 3762 973 3830 fonte
990 3770 1096 3826 ortum

926 3909 943 3962 2
