2758 4426
340 329 344 340 '
441 323 651 390 -13-

33 511 265 595 villationibus,
294 511 404 577 sedin
427 533 465 578 eo
488 511 682 603 consistere,
714 522 749 578 ut
772 511 918 581 iocando
938 537 1052 581 verum

32 654 224 730 rectumque
242 641 404 730 aperiatur
426 641 600 708 existumo:
625 665 724 730 quaro
751 642 779 708 si
808 643 968 731 tragicum
998 643 1052 710 de-

29 781 100 837 ceat
128 780 256 859 poetam
287 769 443 857 exemplis
475 771 643 858 culparum
672 773 846 860 propositis
875 773 1054 840 honestatis

29 910 202 989 praecepta
225 900 324 966 cuivis
346 899 529 966 mortalium
552 901 737 967 communia
759 903 902 987 tradere3
934 903 1050 968 comici

28 1039 142 1096 contra
168 1029 229 1096 hoc
256 1029 316 1094 erit
344 1052 479 1108 munus,
510 1039 546 1095 ut
576 1029 746 1096 cuiuslibet
774 1032 827 1096 vel
854 1031 965 1120 populi
1000 1031 1050 1098 vel

27 1181 126 1225 sexus
154 1157 206 1223 vel
228 1157 348 1223 ordinis
371 1157 423 1222 vel
444 1156 595 1222 factionis
618 1157 671 1224 vel
694 1157 880 1246 disciplinae
897 1181 1050 1244 perversa

29 1287 134 1354 studia
156 1310 251 1375 quom
274 1286 432 1370 retexerit,
455 1286 525 1374 ipse
549 1297 742 1374 praeceptor
758 1287 874 1352 existat
895 1287 1050 1352 veritatis.

24 1415 251 1504 Aristophanis
274 1414 403 1504 quidem
427 1416 523 1481 unius
545 1415 693 1502 integrae
723 1425 893 1482 servantur
922 1437 1048 1481 comoe-

29 1543 116 1608 diae:
140 1555 172 1609 at
194 1554 242 1609 est
263 1543 316 1610 ille
344 1566 379 1609 re
405 1566 483 1609 vera
505 1539 679 1626 Comicus,
705 1543 831 1608 honesti
859 1543 1048 1632 discipulus,

28 1673 135 1739 decori
157 1673 318 1760 magister.
363 1673 411 1741 of.
434 1673 531 1741 Arist.
554 1673 633 1740 Pac.
656 1694 707 1739 vv.
731 1672 910 1738 736-764.

111 1801 272 1868 Nimirum
295 1801 374 1867 illud
397 1791 526 1884 bonum,
551 1800 638 1890 quod
662 1825 726 1867 non
743 1811 858 1866 natura
872 1801 964 1868 nobis
982 1823 1048 1866 orn·

28 1931 122 1996 nibus
144 1932 296 1998 traditum
319 1931 402 1999 dotis
425 1931 587 1998 cuiusdam
611 1933 713 1998 instar
728 1932 864 2016 divinae,
888 1933 944 1998 sed
960 1956 1049 1999 men-

27 2063 67 2126 tis
91 2061 292 2153 cogitatione
308 2071 339 2128 ct
367 2061 452 2129 vitae
481 2085 542 2128 usu
570 2071 666 2150 atque
694 2061 889 2149 experientia
918 2083 1048 2148 compa·

26 2188 160 2255 randum
183 2190 274 2255 nobis
298 2199 329 2256 et
351 2188 535 2277 augendum
559 2189 687 2256 videtur
709 2229 751 2239 -
773 2189 806 2254 id
828 2192 964 2258 fortasse
991 2215 1048 2256 vo-

26 2319 167 2384 cabimus
192 2320 353 2387 decorum.
397 2307 581 2398 Quod'ncn
607 2331 642 2386 ut
662 2321 835 2384 honestum
857 2319 942 2385 idem
966 2342 1047 2384 sem-

24 2469 83 2534 per
105 2449 224 2536 ubique
245 2447 396 2531 manebit,
421 2447 478 2513 sed
499 2470 559 2536 pro
584 2446 681 2512 variis
697 2449 782 2515 vitae
797 2448 956 2515 humanae
972 2471 1047 2514 con·

24 2577 200 2642 dicionibus
224 2600 361 2665 cumque
383 2578 512 2643 mutatis
535 2578 738 2666 temporibus
763 2588 795 2644 et
817 2579 922 2666 ipsum
942 2587 1047 2644 muta·

23 2706 126 2771 bitur:
150 2728 253 2794 neque
269 2717 377 2772 tamen
393 2707 458 2772 ullo
474 2705 572 2772 modo
589 2729 772 2794 repugnare
790 2706 884 2773 debet
899 2708 1047 2792 honesto,

25 2858 63 2898 ne
86 2857 105 2899 e
128 2833 245 2900 decoro
271 2834 327 2900 fiat
348 2835 536 2902 indecorum
554 2860 591 2902 ac
607 2819 727 2924 turpe.¹
746 2836 822 2902 Non
838 2837 936 2925 igitur
952 2839 1046 2905 mira-

23 2963 100 3030 bere
124 2987 222 3052 quom
236 2963 470 3052 Aristophanes
494 2976 580 3030 certe
604 2965 697 3064 nobis
720 2967 821 3032 multa
843 2989 908 3032 non
927 2977 976 3032 sat
992 2966 1046 3032 de·

25 3116 97 3159 core
127 3093 241 3159 lusisse
269 3094 431 3178 videatur,
462 3094 488 3158 si
515 3104 623 3161 tamen
653 3095 705 3159 ille
736 3095 813 3160 mihi
841 3107 889 3161 est
917 3096 1046 3182 ἄριστος

23 3225 344 3312 κωμῳδοδιδάσκαλος
362 3223 559 3312 ἀνδρώπωνε
583 3223 744 3312 siquidem
761 3224 886 3291 Comici
904 3224 965 3290 fuit
980 3225 1045 3292 suis

24 3353 192 3419 consulere
215 3353 347 3437 civibus,
369 3377 435 3419 non
459 3353 597 3418 saeculis
621 3353 842 3440 postfuturis.
879 3353 1046 3440 Deceptus

23 3483 151 3570 quidem
174 3493 222 3580 est
238 3483 470 3571 Aristophanes
493 3481 542 3548 sui
565 3481 723 3570 temporis
748 3483 914 3568 amplexus
938 3481 1047 3569 opina·

22 3614 139 3698 tiones,
169 3613 266 3679 nihilo
288 3623 396 3680 tamen
418 3613 523 3678 minus
554 3611 686 3700 proprio
718 3609 1043 3698 κωμῳδοδιδασκάλου

22 3767 56 3810 uo
83 3745 285 3812 sanctissimo
308 3755 356 3811 est
377 3745 447 3810 iure
474 3767 567 3828 usus,
599 3764 698 3830 quom
724 3739 893 3808 Socratem
923 3749 961 3805 ut
988 3737 1046 3802 im·

21 3873 107 3960 pium
131 3883 227 3962 atquc
248 3873 397 3940 insanum
419 3871 608 3939 criminatus
638 3879 687 3938 est
715 3869 894 3952 hominem,
913 3865 1044 3954 Euripi·
