2758 4426
665 267 854 334 ..6,

251 471 344 517 mans
368 451 459 540 quasi
481 452 557 518 novi
580 453 747 520 cuiusdam
770 455 847 522 artis
863 456 1009 524 scenicae
1023 459 1152 546 generis
1169 461 1276 550 (quod

254 579 384 669 quidem
406 580 544 671 quodam
566 583 662 650 modo
687 585 875 652 successerit
896 586 930 651 in
951 586 1059 654 locum
1075 593 1273 676 satyrorum)

253 708 405 798 princeps
420 710 594 781 habeamus
611 712 775 800 exemplar
785 714 940 784 Alcestin.
983 713 1172 803 Speciosam
1195 741 1276 786 vero

258 837 347 905 illam
371 841 588 906 coniecturam
610 842 879 928 Rauchcnstein⁶)
902 854 933 910 et
947 843 1149 927 Bendixenu
1173 870 1274 935 quom

255 969 297 1034 ad
320 969 488 1035 obrussam
513 969 683 1056 diligenter
698 971 872 1057 exegerint,
896 972 956 1058 ipsi
978 973 1084 1039 minus
1097 975 1276 1062 profecere.

253 1097 293 1164 Id
322 1097 408 1185 quod
444 1097 528 1164 cadit
558 1098 653 1164 etiam
682 1099 715 1164 in
742 1099 985 1166 Buchholzium.
1036 1101 1159 1169 Omnes
1191 1104 1279 1169 enim

223 1279 224 1283 ,
257 1236 406 1292 tenentur
441 1225 643 1292 Aristoteleis
681 1227 721 1293 de
756 1229 924 1316 tragoedia
957 1229 1098 1316 placitis:
1135 1231 1278 1298 maxime

253 1379 331 1423 vero
355 1354 534 1422 cavendum
557 1365 605 1422 est
626 1379 667 1422 ne
688 1335 753 1422 illic
777 1380 905 1446 quoque
928 1359 1045 1424 nahem
1068 1382 1127 1448 pro
1142 1359 1276 1427 Junone

256 1486 497 1572 amplectamur.
541 1485 732 1552 Aristoteles
755 1487 839 1552 enim
870 1497 903 1552 et
937 1488 1090 1575 temporis
1114 1489 1216 1576 spatio
1242 1500 1276 1556 et

256 1612 355 1678 animi
382 1611 490 1678 indole
519 1613 616 1700 longe
639 1612 734 1680 distat
761 1615 802 1678 ah
830 1614 884 1678 illo
916 1638 979 1702 quo
1009 1615 1145 1682 florebat
1176 1615 1278 1684 Grae-

190 1777 192 1787 =
257 1765 370 1808 corum
397 1743 565 1830 tragoedia
586 1766 682 1810 aevo:
714 1753 782 1809 tum
815 1745 960 1836 quamvis
988 1745 1042 1810 ille
1074 1745 1115 1812 sit
1143 1745 1276 1830 amicus,

256 1882 293 1938 ut
314 1872 381 1938 eius
403 1872 503 1962 ipsius
525 1872 631 1938 verbis
653 1883 735 1957 utar,
758 1873 861 1961 magis
877 1875 979 1940 amica
995 1875 1122 1940 veritas.
1168 1873 1277 1954 Quom

256 2001 355 2090 igitur
377 2002 418 2068 ad
441 2001 621 2090 philosophi
641 2003 812 2069 formulam
843 2004 947 2069 minus
969 2004 1095 2092 possint
1119 2003 1272 2091 adaptare

257 2131 344 2200 VN.
367 2131 410 2198 D.
420 2131 464 2200 D.
486 2141 630 2197 nostram
652 2131 804 2214 fabulam,
835 2131 932 2196 modo
955 2131 1152 2220 singularem
1175 2154 1274 2221 quan-

258 2261 333 2328 dam
354 2261 537 2328 fabularum
559 2261 699 2350 speciem
722 2261 878 2349 effingunt
892 2261 986 2326 huius
1010 2284 1107 2326 causa
1128 2261 1275 2348 ingratae

259 2392 407 2470 fabulae,
445 2392 539 2458 modo
571 2415 637 2458 non
673 2392 796 2480 liquere
834 2413 964 2456 causam
997 2391 1148 2456 iudicant.
1203 2389 1274 2456 Nec

258 2521 451 2587 nostratium
484 2520 748 2608 philosophorum
784 2519 812 2584 si
846 2520 1025 2585 excusseris
1058 2519 1195 2601 libellos,
1231 2519 1277 2583 in-

262 2649 372 2716 venies
396 2649 554 2716 derebus
582 2649 644 2714 illis
673 2671 756 2737 quae
784 2647 842 2714 tibi
865 2670 985 2734 epure
1015 2649 1106 2714 fonte
1134 2655 1275 2714 veterum

260 2781 375 2846 hausta
395 2777 579 2846 videantur:
609 2778 688 2844 mihi
719 2788 805 2845 certe
834 2801 900 2843 non
934 2777 1088 2842 satisfacit
1115 2777 1179 2842 ista
1209 2799 1277 2842 eru·

263 2911 352 2978 ditio.
385 2909 521 2976 Veniam
544 2930 621 2998 ergo
636 2916 711 2997 peto
734 2917 830 2994 atque
843 2905 982 2994 postulo,
1005 2927 1104 2992 quom
1120 2903 1276 2992 neglectis

262 3040 330 3106 iere
367 3039 406 3107 V.
421 3037 461 3106 V.
496 3037 563 3106 Oel.
586 3037 654 3104 Cel.
692 3036 894 3124 opinionibus
932 3057 1015 3124 quae
1052 3058 1093 3101 cx
1127 3034 1277 3120 Aeschyli

265 3167 437 3257 Sophoclis
452 3167 616 3256 Euripidis
631 3166 858 3254 Aristophanis
881 3164 1074 3230 carminibus
1097 3164 1137 3230 de
1160 3163 1276 3228 finibus

262 3297 341 3364 artis
363 3298 509 3364 scenicae
530 3296 608 3362 mihi
629 3297 698 3384 ipse
719 3294 873 3382 persuasi,
897 3293 1031 3358 strictim
1048 3292 1149 3358 Vobis
1173 3293 1276 3379 expla-

265 3437 400 3494 naturus
423 3426 492 3494 sim.
538 3425 619 3506 Quis
641 3432 749 3493 autem
772 3433 877 3512 neget,
907 3423 979 3488 illos
1007 3422 1062 3510 qui
1084 3433 1116 3488 et
1137 3433 1278 3510 tempore

346 3654 370 3718 θ)
388 3654 437 3706 Die
447 3591 567 3704 Alcas:
574 3651 618 3703 das
632 3649 766 3718 Euripides
784 3649 823 3701 als
841 3649 980 3702 basondere
993 3646 1106 3716 Gattung
1127 3647 1171 3699 des
1189 3647 1278 3715 griech.

264 3739 364 3793 Drama.
398 3740 483 3791 Aarau
502 3739 576 3793 1847.

348 3843 370 3909 ll
387 3843 427 3897 Dc
444 3841 574 3896 Alcestide
589 3839 725 3908 Euripidis.
760 3838 845 3891 Alton.
866 3837 941 3894 1851.
