2758 4426
685 286 975 364 -10-'

284 487 332 554 fas
355 486 395 552 sit
418 508 537 574 poenas
560 488 636 554 dare
659 487 823 570 scelerum,
847 487 977 574 impune
995 487 1142 573 peccavit
1155 486 1295 574 Jupiter.
1368 481 1369 500 ¹

286 613 463 703 Sophocles
485 615 538 680 ille
557 614 684 688 εὔκολος
698 617 752 703 qui
769 615 902 682 comiter
917 616 1024 682 vivere
1040 615 1186 682 maluerit
1201 637 1299 702 quam

283 743 317 809 in
348 744 531 812 meditando
555 745 722 830 desudare,
751 769 816 812 non
838 745 1031 810 intellectam
1054 767 1197 812 servasse
1225 745 1304 808 satis

286 874 397 938 habuit
420 873 550 940 deorum
574 875 805 942 auctoritatem.
850 874 991 940 Tantum
1024 897 1100 938 vero
1133 873 1237 955 abest,
1266 882 1305 937 ut

285 1001 387 1067 iustae
417 1002 602 1089 tragoediae
631 1003 805 1068 habeamus
835 1003 1017 1088 exemplum
1047 1001 1207 1088 Oedipum
1236 999 1304 1067 Re·

289 1153 373 1217 gem,
398 1142 432 1194 nt
455 1153 495 1194 ne
517 1131 733 1218 Aeschyleum
757 1131 884 1218 quidem
907 1131 1098 1198 cothurnum
1114 1130 1302 1220 aequauisse

285 1271 382 1346 poeta
405 1260 467 1324 dici
490 1261 600 1348 possit.
644 1261 737 1326 Licet
759 1259 845 1324 haud
867 1259 1072 1326 innocentem
1095 1260 1226 1348 finxerit
1246 1259 1304 1325 ille

287 1387 440 1454 Jocastae
462 1389 577 1472 filium,
607 1391 737 1456 minime
759 1401 865 1456 tamen
890 1391 1108 1476 compensavit
1139 1413 1212 1455 cum
1243 1390 1304 1454 cri-

289 1518 375 1580 mine
397 1540 543 1603 poenam.
588 1519 650 1583 Vel
672 1519 704 1583 in
728 1519 855 1607 optimis
884 1519 1000 1584 fabulis
1024 1518 1210 1607 Sophocleis
1240 1543 1306 1584 am-

287 1643 404 1730 biguus
428 1645 558 1732 qnidam
579 1647 755 1712 honestatis
779 1671 889 1712 sensus
921 1648 1183 1734 deprehenditur:
1212 1649 1305 1712 Anti·

285 1755 401 1860 gonam
423 1774 562 1861 respice!
585 1775 711 1842 Chorus
733 1777 833 1842 nescit
849 1777 925 1864 quid
942 1777 1143 1864 potissimum
1159 1776 1303 1859 suadeat,

289 1903 396 1967 omnia
418 1915 515 1970 ruunt
536 1903 577 1968 ad
599 1905 788 1992 perniciem:
813 1929 884 1971 sero
907 1905 1035 1972 tandem
1052 1906 1221 2006 adducitur
1236 1927 1305 1970 oac-

289 2053 345 2096 cns
367 2031 421 2097 ille
445 2056 541 2098 senex
565 2035 619 2120 qui
641 2034 774 2098 meliora
803 2037 914 2099 doceat
937 2034 1110 2100 Creontem
1137 2033 1222 2100 haud
1251 2033 1305 2097 ali-

289 2171 337 2224 ter
353 2181 389 2224 ac
405 2160 483 2224 detis
500 2159 629 2248 quidam
646 2184 686 2226 ex
702 2161 859 2228 machina.
889 2163 1076 2228 Honestatis
1093 2173 1199 2228 autem
1215 2184 1306 2248 prae-

289 2299 381 2376 cepta
404 2287 554 2354 divinitus
577 2289 669 2356 nobis
692 2291 839 2355 omnibus
862 2303 936 2356 sunt
950 2290 1076 2375 tradita,
1100 2315 1159 2356 nec
1177 2313 1303 2378 semper

288 2416 428 2482 Tiresias
439 2429 566 2505 praesto
579 2429 628 2484 est
640 2441 735 2506 quem
747 2421 972 2486 concultemus.
989 2421 1169 2506 Aeschylus
1181 2431 1301 2508 quanto

289 2547 403 2611 melius
419 2570 488 2612 rem
502 2546 639 2612 instituit
652 2549 685 2611 in
701 2549 956 2635 Agamemnone,
972 2571 1069 2636 quom
1086 2549 1201 2614 chorus
1216 2549 1306 2614 nulla
1368 2579 1369 2588 ¹

288 2675 371 2760 regii
393 2675 534 2740 muneris
557 2675 680 2740 ratione
704 2676 811 2742 habita
833 2677 934 2742 libero
951 2677 1127 2743 detestetur
1147 2699 1203 2744 ore
1219 2700 1308 2742 mac-

291 2813 391 2868 tatam
414 2822 432 2868 a
454 2813 544 2890 patre
566 2803 664 2868 filiam
686 2815 850 2891 tamquam
871 2827 991 2870 novum
1014 2815 1111 2893 atque
1126 2803 1306 2870 inauditum

291 2931 426 2996 facinus.
470 2931 596 2998 Eodem
619 2933 733 3019 opinor
760 2945 854 3021 pacto
885 2935 1000 2998 chorus
1028 2935 1081 3000 illc
1104 2931 1303 3022 Sophocleus

293 3060 430 3126 debebat
452 3085 516 3125 non
539 3063 640 3127 multa
662 3062 760 3128 verba
780 3063 888 3128 facere
910 3063 950 3128 de
966 3065 1091 3151 generis
1107 3065 1237 3130 humani
1252 3087 1309 3130 va-

289 3189 342 3255 riis
358 3190 538 3272 virtutibus,
562 3190 618 3258 sed
633 3193 738 3280 potius
756 3193 928 3260 Creontem
944 3193 1126 3276 admonere,
1148 3217 1189 3259 ne
1206 3203 1308 3259 acter-

291 3343 350 3384 nas
373 3319 578 3385 humanitatis
602 3321 689 3408 leges
712 3345 769 3386 suo
792 3323 926 3409 imperio
957 3323 1151 3412 arbitrioque
1179 3333 1308 3413 postpo-

290 3461 389 3516 neret.

375 3578 546 3666 Euripides
580 3591 648 3646 tum
685 3582 808 3647 exstitit
837 3605 953 3670 praeco
981 3581 1120 3647 melioris
1149 3583 1229 3648 aevi.
1274 3583 1307 3648 Is

292 3706 333 3772 ad
355 3708 572 3794 gravissimam
595 3709 692 3776 iudici
716 3711 871 3776 rationem
894 3733 945 3774 res
962 3710 1096 3798 exigens
1111 3707 1235 3776 divinas
1251 3711 1309 3802 hu·

289 3859 472 3925 manesque,
495 3861 561 3903 non
584 3839 646 3902 iam
669 3839 774 3926 potuit
795 3839 828 3903 in
852 3839 985 3906 remissa
1007 3839 1062 3904 illa
1083 3844 1305 3930 temperantia,
