2758 4426
503 353 716 420 ..19-

103 561 227 626 praem.
250 536 392 628 p.X11L
415 542 453 623 s.)
477 539 532 626 qui
555 550 662 605 tamen
686 541 842 606 nonnulla
864 541 991 610 videtur
1013 543 1052 610 de
1067 567 1125 610 suo

103 668 313 734 admiscuisse
335 669 439 733 minus
460 667 647 754 probabilia.

190 796 349 862 Admetus
371 797 506 885 hospitis
529 797 656 862 adiutus
672 798 792 864 auxilio
806 799 965 886 Apollinis
981 800 1124 866 Alcestin
1176 781 1178 786 ¹

106 927 221 992 Peliae
248 927 345 991 filiam
374 951 393 992 o
424 927 569 1016 plurimis
600 929 706 1016 procis
737 928 869 1016 petitam
898 929 967 1016 ipse
995 929 1128 996 domum
1206 1001 1208 1008 ‚

110 1054 305 1120 deduxerat:
329 1079 406 1120 mox
429 1079 526 1142 quom
552 1057 593 1121 ob
616 1037 800 1144 neglectum
817 1057 944 1122 Dianae
968 1057 1048 1141 (sive
1063 1058 1127 1123 He·

37 1173 42 1186 ⁸
105 1185 206 1270 cates)
229 1209 348 1250 numen
370 1185 581 1250 moribundus
603 1186 733 1269 iaceret,
757 1186 874 1272 Apollo
898 1186 1045 1251 aPsrcis
1068 1187 1127 1252 im·

105 1315 258 1401 petierit,
283 1324 320 1378 ut
341 1315 439 1379 alium
462 1335 519 1398 pro
544 1337 581 1379 eo
603 1316 687 1379 mori
709 1325 905 1402 paterentur.

191 1443 363 1508 Alcestidis
387 1443 458 1508 dein
474 1444 655 1508 voluntarie
670 1442 773 1508 morte
789 1444 906 1529 placati
923 1453 998 1508 sunt
1013 1443 1125 1510 Inferi.

190 1570 281 1636 Haec
305 1570 434 1658 quidem
457 1571 676 1658 antiquissima
696 1569 800 1654 μύθου
823 1571 926 1635 forma
953 1571 1052 1636 fuisse
1082 1571 1125 1636 vi·

105 1700 209 1766 detur.
240 1699 311 1765 Nec
334 1711 442 1765 tomen
457 1699 609 1764 Herculis
628 1721 765 1785 persona
781 1721 846 1763 non
865 1701 940 1764 satis
957 1701 1126 1765 commode

104 1839 218 1916 postea
239 1827 367 1894 videtur
389 1827 512 1911 addita,
536 1851 633 1914 quom
656 1827 805 1893 donatam
829 1827 895 1893 divi
917 1829 1051 1916 hospitis
1074 1830 1127 1894 be·

104 1955 221 2022 neficio
245 1957 415 2043 coniugem
439 1957 572 2042 hospitis
588 1957 740 2022 Herculis
757 1957 860 2022 officio
876 1968 1044 2044 recuperet
1060 1957 1128 2022 Ad-

103 2097 220 2152 metus.
244 2123 285 2133 —-
308 2085 430 2150 Pheres
453 2084 499 2148 nil
522 2083 610 2150 aliud
631 2084 693 2150 nisi
721 2085 887 2172 regionem
914 2085 1003 2150 illem
1026 2086 1127 2150 Thes·

103 2217 203 2281 saliae
233 2216 394 2302 significat
422 2216 456 2280 in
484 2238 552 2304 quo
575 2213 731 2281 Admetus
759 2215 918 2300 regnavit.
963 2213 1028 2293 Qui
1058 2237 1123 2280 non

102 2367 200 2410 ausus
223 2367 280 2430 pro
309 2344 374 2408 filio
404 2354 542 2410 mortem
572 2343 660 2408 obire
681 2342 759 2408 illud
776 2342 906 2408 videtur
922 2343 1124 2408 enuntiatum

104 2473 305 2556 confirmare,
322 2451 502 2560 proximem
514 2473 786 2560 propinquitatem
801 2473 965 2560 sanguinis
981 2497 1126 2539 nonnun-

104 2623 200 2688 quam
222 2601 429 2667 infirmiorem
453 2623 608 2688 apparere
632 2610 742 2664 sancto
759 2601 899 2687 quodem
915 2601 1032 2666 amoris
1049 2601 1126 2666 ami·

103 2731 239 2796 citiusve
268 2731 411 2796 vinculo.
458 2729 556 2808 Quod
584 2738 809 2815 argumentum
839 2729 986 2817 inprimis
1015 2738 1126 2816 aptum

102 2859 232 2925 videtur
254 2860 295 2925 ad
320 2883 413 2924 usum
436 2869 625 2946 poetarum:
648 2881 728 2945 quos
752 2881 826 2922 cum
842 2858 956 2923 deceat
972 2857 1025 2940 (of.
1041 2857 1124 2924 Plst.

105 2989 146 3051 de
168 2989 230 3077 leg.
253 2989 298 3070 ΙΙ,
321 2991 354 3069 6)
378 2987 533 3075 populum
557 2988 686 3070 docere,
709 2987 809 3074 ipsius
832 2988 996 3053 Fortunae
1019 2986 1126 3051 victri-

105 3139 176 3182 cem
199 3117 341 3183 extitisse
365 3117 535 3199 Virtutem,
563 3115 747 3204 plurimum,
771 3115 900 3202 opinor,
928 3113 1061 3194 iuverit,
1092 3114 1126 3178 in

104 3245 161 3309 tali
178 3245 326 3332 exemplo
343 3245 527 3334 periclitari,
544 3267 607 3332 quo
623 3243 761 3309 felicitas
778 3243 868 3330 quasi
883 3242 1002 3307 catenis
1019 3242 1127 3306 vincta

103 3375 242 3464 vestigia
265 3377 392 3441 virtutis
413 3375 541 3463 premit.
585 3373 655 3439 Neo
679 3373 782 3437 solum
805 3371 845 3436 ad
868 3381 1044 3458 poetarum,
1069 3370 1126 3435 sod

105 3505 147 3571 ad
169 3506 367 3593 tragicorum
390 3529 483 3571 usum
513 3529 644 3592 prorsus
675 3505 911 3569 conformatum
942 3525 1011 3566 csso
1042 3503 1127 3566 hunc

102 3634 206 3721 μῦθον
235 3634 410 3700 contendo:
434 3633 592 3721 siquidem
621 3657 638 3698 e
668 3633 816 3719 neglecto
840 3631 967 3696 Dianae
996 3631 1127 3696 numine

106 3762 218 3850 capitis
242 3762 421 3850 periculum
443 3762 588 3828 nescitur
610 3761 769 3843 Admeto,
793 3771 860 3824 tum
884 3782 959 3824 vero
982 3758 1048 3840 illi,
1071 3758 1127 3845 qui

104 3913 146 3956 nc
167 3891 200 3955 in
223 3913 347 3956 summo
371 3891 499 3978 quidem
525 3892 614 3956 luctu
638 3888 818 3976 hospitibus
843 3886 952 3952 deesse
981 3896 1029 3950 est
1059 3885 1127 3970 dig-

923 3988 956 4043 Q*
