2758 4426
520 281 711 346 ..7.-

104 470 302 561 praecedant
324 469 463 552 criticos,
486 468 558 536 et-si
588 467 636 533 dis
657 467 964 556 placet-auctoritate
987 468 1019 532 in
1043 468 1123 534 eius-

103 602 193 668 modi
230 598 469 688 quaestionibus
498 605 586 678 (nam
613 598 756 686 ipsorum
786 619 898 664 eorum
921 621 972 664 res
1000 598 1122 685 agitur)

103 733 208 819 primo
237 730 310 796 loco
340 728 433 793 nobis
464 751 533 794 esse
556 725 757 794 audiendos?
801 727 1002 815 Repetamus
1024 729 1123 817 igitur

105 885 126 926 a
148 860 251 948 capite
272 858 462 946 gravissima
484 879 630 946 quaeque
653 880 690 922 eo
706 856 910 944 pertinentia,
933 871 969 924 ut
992 867 1024 923 et
1039 857 1124 923 fines

108 1011 341 1079 cognoscamus
364 997 397 1052 ot
420 986 603 1052 discrimina
625 987 702 1051 artis
725 986 881 1052 scenicae.

209 1119 259 1183 Ac
282 1117 385 1204 primo
409 1114 538 1206 quidem
559 1115 622 1182 hoc
636 1115 825 1198 monuerim,
848 1137 888 1180 ne
903 1137 1000 1204 quom
1023 1115 1126 1180 isdem

106 1249 173 1314 iere
197 1245 313 1334 quibus
336 1255 460 1310 veteres
483 1226 577 1309 eiiam
600 1267 686 1308 nunc
699 1253 828 1309 utamur
849 1243 882 1308 in
905 1253 974 1309 arte
997 1244 1126 1310 scenica

106 1347 283 1456 iocabulis,
306 1371 385 1438 illud
407 1371 491 1437 forte
513 1393 572 1436 nos
602 1370 705 1456 fugiat
726 1392 833 1436 rerum
855 1381 962 1436 tamen
986 1372 1126 1438 scenica-

109 1527 181 1569 rum
212 1501 434 1568 condicionem
463 1501 559 1586 longe
588 1499 683 1564 aliam
712 1500 810 1566 fuisse
838 1501 898 1565 illis
930 1501 1127 1588 temporibus

108 1657 147 1700 ac
168 1633 295 1698 nostris.
339 1631 409 1697 Nos
431 1629 562 1719 quidem
585 1629 770 1716 tragoediae
797 1630 992 1696 vocabulum
1015 1630 1060 1696 ita
1080 1632 1128 1696 in-

108 1763 292 1851 telligimus,
316 1761 407 1850 quasi
427 1784 558 1848 prorsus
587 1761 670 1826 idern
693 1762 736 1826 sit
759 1785 797 1826 ac
819 1773 967 1828 nostrum
991 1763 1129 1828 Trauer·

109 1894 198 1981 spiel,
228 1891 426 1958 comoediam
453 1913 530 1958 vero
559 1892 805 1978 interpretamur
837 1892 1001 1978 Lustspiel
1032 1902 1128 1978 atquc

109 2024 156 2091 ita
177 2025 246 2090 fere
269 2023 428 2090 credimus
454 2023 638 2111 quomodo
672 2035 776 2089 atrum
805 2024 948 2088 colorem
979 2021 1128 2106 candido,

110 2153 222 2226 eodem
251 2155 317 2220 fere
344 2153 502 2239 tragicum
532 2175 632 2240 genus
667 2151 849 2240 oppositum
888 2174 958 2218 csse
987 2151 1129 2218 comico:

111 2305 171 2350 nec
199 2307 264 2350 non
286 2283 350 2348 iam
373 2282 668 2349 Alexandrinorum
695 2281 982 2370 grammaticorum
1008 2291 1130 2368 tempo·

110 2411 199 2476 ribus
222 2411 333 2478 similis
356 2410 513 2498 quaedam
536 2410 643 2498 opinio
673 2411 811 2475 valuisse
832 2409 970 2475 videtur.
1014 2407 1131 2496 Neque

113 2538 312 2621 mirandum,
346 2562 421 2604 nam
448 2542 513 2604 hoc
543 2539 720 2605 sexcenties
750 2539 912 2623 videmus,
948 2548 1131 2626 temporum
1195 2541 1197 2550 ’

115 2691 212 2734 cursu
234 2679 335 2734 totam
365 2690 473 2734 rarum
502 2667 725 2733 condicionem
750 2672 940 2734 commutari
966 2690 1132 2734 remanen-

111 2796 197 2862 tibus
219 2807 326 2862 tamen
349 2795 486 2884 propriis
510 2796 662 2883 pristinae
685 2797 883 2862 condicionis
906 2796 1087 2864 vocabulis.

215 2925 311 2992 Certe
327 2947 391 3012 quo
407 2935 553 3012 tempore
567 2927 734 2991 inventum
751 2937 798 2991 cst
814 2927 992 3014 τραγῳδίας
1003 2949 1132 3010 nomen,

112 3054 278 3140 tragoedia
305 3056 383 3120 nihil
411 3055 498 3121 aliud
525 3067 594 3122 erat
620 3056 681 3121 nisi
720 3055 939 3141 dithyrambos
976 3055 1132 3140 satyricus

112 3184 146 3248 in
179 3183 334 3249 honorem
362 3183 474 3250 Liberi
497 3193 643 3250 cantatus
677 3185 732 3263 (cf.
765 3184 899 3250 Aristot.
922 3185 1014 3252 Poct.
1050 3208 1078 3248 c.
1101 3185 1132 3250 4.

115 3312 199 3378 1449
226 3337 262 3395 a,
299 3314 337 3377 10
353 3336 400 3400 sq.
431 3313 470 3378 19
492 3336 561 3402 sqq.
595 3321 613 3393 t
639 3316 687 3380 12.
718 3314 800 3400 14.);
837 3314 910 3381 dein
943 3315 1134 3382 introductis

117 3441 290 3524 actoribus,
320 3440 437 3506 fabulis
460 3464 480 3506 a
500 3441 623 3508 Bacchi
646 3443 734 3507 cultu
757 3443 868 3508 alienis
898 3443 1055 3527 admissis,
1088 3467 1134 3508 sa-

114 3571 193 3656 tyris
209 3570 277 3637 fere
292 3571 418 3636 reiectis
431 3592 564 3659 prorsus
581 3595 666 3637 nova
678 3573 836 3661 quaedam
852 3595 903 3639 ars
919 3574 1028 3656 evasit,
1052 3595 1135 3660 quae

71 3719 76 3734 ·
114 3701 267 3789 paulatim
289 3701 344 3766 illa
366 3701 436 3789 ipsa
457 3702 543 3767 facta
565 3713 614 3767 est
636 3725 731 3790 quam
754 3726 840 3768 nunc
863 3720 1015 3769 vocamus
1038 3703 1134 3788 tragi-

115 3853 196 3897 cam.
232 3829 383 3908 Quonam
399 3841 544 3919 tempore
564 3833 685 3897 factum
707 3832 748 3897 sit
770 3831 848 3897 illud
865 3830 1136 3919 dnooepvo‘veodat
