2758 4426
214 1600 357 1716 Alcestis
374 1647 550 1736 Euripides
565 1673 639 1715 oum
651 1651 691 1716 ab
708 1651 935 1740 antiquissimis
950 1653 1149 1742 temporibus

127 1780 203 1846 viris
232 1778 338 1846 doctis
348 1781 373 1858 ¹)
396 1778 599 1866 praebuisset
627 1779 810 1868 disputandi
831 1782 1008 1866 materiam,
1031 1785 1149 1850 nostris

127 1908 240 1975 diebus
263 1919 357 1974 aucta
378 1918 429 1974 est
448 1907 621 1992 contentio,
645 1908 802 1997 siquidem
824 1912 987 1998 publicato
1008 1923 1041 1979 et
1062 1913 1149 1980 edito

88 2067 92 2092 ι
125 2060 182 2126 per
204 2036 247 2104 G.
270 2036 478 2103 Dindorfium
508 2043 597 2116 (ante
631 2037 689 2102 hes
719 2039 787 2105 fere
811 2039 916 2106 XXX
937 2043 1055 2125 annos)
1085 2063 1150 2108 me·

127 2165 275 2233 morabili
304 2167 427 2234 scholio
448 2167 603 2234 Vaticano
637 2167 802 2256 apparuit,
839 2179 991 2258 quartum
1021 2171 1149 2237 tetralo-

128 2295 201 2384 giae
225 2296 333 2362 locum
368 2295 544 2361 obtinuisse
571 2317 642 2360 eam
664 2295 817 2364 fabulam.
861 2295 944 2362 Inde
974 2297 1030 2362 alii
1051 2297 1148 2364 aliam

128 2425 214 2490 viam
236 2435 312 2492 sunt
333 2423 485 2514 ingressi:
510 2422 636 2504 Glum2)
660 2424 884 2491 dissertatione
910 2425 1149 2514 elegantissima

127 2562 262 2618 conatus
285 2562 336 2619 est
358 2552 537 2633 ostendere,
566 2574 633 2617 non
654 2571 786 2635 parvam
809 2575 883 2619 cum
910 2553 1024 2620 fabulis
1047 2551 1147 2621 Grae·

126 2705 240 2748 eorum
253 2682 400 2768 satyricis
412 2681 577 2771 Euripidis
588 2681 733 2748 Alcestin
745 2682 893 2749 habuisse
905 2683 1145 2772 cognationem:

126 2831 224 2898 quarn
257 2811 448 2877 sententiam
480 2819 653 2898 postquam
690 2811 846 2901 refragati
883 2789 958 2879 sunt
990 2811 1032 2880 G,
1063 2812 1146 2878 Her·

122 2938 256 3015 mann⁸)
285 2947 316 3002 et
338 2937 547 3022 Firnhaber4)
579 2959 654 3004 mox
685 2938 807 3005 maiore
838 2961 911 3007 cum
940 2939 1059 3006 fiducia
1085 2963 1146 3007 nec

122 3067 192 3136 sine
220 3070 344 3137 facetiis
376 3073 539 3160 Kochly⁵)
570 3072 702 3161 protulit
724 3073 757 3138 in
779 3072 936 3160 medium3
966 3073 1012 3140 ita
1034 3074 1145 3141 existi·

121 3261 325 3273 ——-.—.-

202 3383 224 3450 1)
242 3385 273 3437 cf.
296 3383 424 3436 historiam
454 3385 563 3436 criticam
590 3383 729 3438 Alcestidis
756 3385 872 3452 fabulae,
900 3402 975 3454 quam
1003 3386 1144 3454 composuit

117 3466 260 3521 Buchholz:
280 3470 312 3522 de
332 3470 460 3523 Alcestide
477 3471 621 3538 Euripiden,
639 3474 693 3538 p.2
712 3489 750 3540 sq.

199 3579 226 3646 2)
244 3581 283 3633 De
300 3581 429 3648 Euripidis
446 3581 583 3634 Alcestide.
618 3580 701 3636 Berol.
722 3584 797 3640 1836.
822 3601 840 3636 ⁴
899 3653 902 3664 Ι

199 3695 223 3763 3)
242 3695 347 3747 Dissert.
365 3696 404 3750 ed.
423 3696 510 3751 Monk.
529 3715 623 3765 praem.
646 3728 680 3737 —
696 3697 779 3752 Praei.
800 3697 925 3779 Cyclopis.

198 3805 224 3872 4)
244 3805 358 3858 Censura
380 3807 440 3860 diss.
459 3808 617 3862 Glumianae.
653 3807 772 3862 Zeitsehr.
790 3809 831 3861 fflr
848 3809 900 3862 nu.
920 3809 986 3865 1837
1004 3825 1029 3875 p.
1043 3809 1102 3862 417.

199 3915 221 3982 5)
239 3915 341 3971 Literar.
359 3918 419 3974 hist.
442 3919 623 3974 Taschenbuch
640 3939 663 3974 v.
681 3921 712 3973 R.
730 3921 805 3974 Prata
824 3921 898 3978 1847.
