2758 4426
506 319 611 383 -23
656 357 696 368 -

72 531 203 574 summa
236 507 393 574 suavitate
427 505 618 572 liberalitate
654 504 807 569 facilitate
842 513 927 568 certe
967 501 1095 590 quidem

72 660 150 702 eum
178 637 290 720 fuisse,
321 636 372 700 cui
400 634 431 699 di
460 634 670 720 hominesque
696 643 885 720 perpetuam
910 631 1094 714 amicitiam,

71 765 271 851 pulcerrima
301 786 378 830 vero
415 763 533 828 coniux
563 762 616 826 vel
643 761 753 826 mortis
784 760 957 848 gratificari
987 761 1097 824 volun·

72 905 177 959 tatem
200 904 282 958 esset
305 893 443 978 dignata.
471 893 562 958 Licet
584 892 683 979 igitur
699 891 930 976 exprobremus
947 889 1097 956 domesti-

73 1044 131 1086 cas
155 1021 225 1086 illas
250 1021 339 1086 rixas
363 1019 457 1084 nimis
479 1030 701 1106 exaggeratas,
726 1030 800 1084 ante
815 1018 965 1084 Herculis
989 1029 1096 1082 tamen

73 1150 292 1214 interventum
316 1171 355 1212 ne
377 1147 541 1212 minimam
565 1147 694 1234 quidem
719 1146 834 1214 comici
852 1145 978 1232 generis
996 1144 1096 1231 suspi-

74 1279 204 1344 cionem
235 1301 329 1366 posse
361 1277 506 1361 indagari
537 1277 758 1364 profitebimur
781 1299 841 1340 nec
864 1276 919 1363 pili
941 1275 1097 1338 faciemus

79 1408 261 1474 doctiorum
299 1406 423 1472 somnia
457 1406 609 1472 virorum.
662 1407 760 1470 Istam
802 1415 908 1469 autem
945 1403 1096 1468 Herculis

75 1559 250 1624 personam
272 1535 316 1604 ita
340 1559 409 1601 esse
436 1546 660 1621 comparatam,
684 1546 721 1598 ut
742 1535 845 1621 primo
869 1537 982 1598 obtutu
1009 1531 1097 1619 paul-

76 1666 145 1730 lum
169 1664 315 1730 videatur
337 1663 488 1730 recedere
511 1664 676 1750 stragica
698 1662 927 1728 consuetudine
950 1701 990 1709 -
1014 1684 1096 1748 quae

75 1817 127 1858 res
151 1817 215 1880 quo
238 1795 331 1858 modo
348 1794 449 1880 possit
465 1793 607 1880 expediri
631 1817 713 1858 unus
737 1793 871 1879 quisque
895 1815 935 1856 ex
951 1792 996 1856 eis
1013 1813 1095 1877 quae

78 1947 177 2010 supra
199 1923 263 1988 iam
286 1922 535 2010 significavimus
559 1924 613 2002 (cf.
637 1947 667 2008 p.
693 1925 756 2005 17.)
789 1922 874 1987 facili
897 1921 1027 2009 negotio
1051 1921 1095 1986 di·

77 2051 201 2116 vinabit
223 2089 263 2100 -—
286 2052 389 2116 multo
412 2051 560 2118 libentius
584 2049 807 2116 concedemus

164 2179 250 2246 Nam
283 2205 379 2268 quom
407 2181 538 2246 hilarior
560 2182 655 2268 paulo
679 2179 824 2244 videatur
847 2171 941 2267 quam
965 2179 1096 2266 gravior

75 2309 232 2375 Herculis
248 2327 386 2398 persona
401 2312 545 2377 ministro
561 2311 785 2398 exprobrantis
802 2331 984 2398 perversam
1001 2309 1096 2374 istam

76 2438 297 2504 morositatem
321 2462 403 2525 quae
425 2438 555 2503 minime
579 2439 683 2504 valeat
706 2439 745 2502 ad
768 2438 949 2504 mortalium
972 2460 1094 2502 aerum-

74 2588 133 2630 nas
160 2565 378 2630 sustinendas:
407 2567 512 2632 elucet
534 2578 641 2632 tamen
670 2567 789 2632 heroici
818 2566 924 2632 nescio
947 2564 1025 2654 qnid
1055 2589 1096 2630 ex

74 2693 147 2779 ipsa
173 2693 373 2760 comissantis
397 2694 527 2760 semidei
550 2697 789 2762 vociferatione.

163 2821 267 2902 Quale
283 2845 360 2889 vero
374 2833 406 2890 et
418 2837 571 2911 quantum
581 2825 759 2890 intercedat
770 2826 939 2891 discrimen
951 2825 1096 2890 interhn-

74 2977 202 3018 manem
218 2954 411 3042 facilemque
429 2955 579 3020 Herculis
597 2955 775 3020 doctrinam
793 2955 846 3034 (cf.
862 2954 1095 3037 alal-802),

76 3082 168 3146 cuius
189 3081 349 3147 simillima
371 3094 490 3148 canunt
511 3096 684 3170 praecepta
705 3083 884 3148 sexcenties
900 3080 1020 3162 Graeci
1042 3103 1096 3166 po-

76 3221 148 3276 etae
176 3221 207 3276 et
228 3209 336 3276 Latini
357 3248 400 3259 -
422 3222 453 3276 et
475 3211 646 3296 satyricam
661 3212 857 3298 theologiam
875 3211 1025 3297 Cyclopis
1040 3211 1094 3296 (cf.

77 3337 167 3424 Cycl.
207 3340 246 3405 16
274 3341 353 3426 seq.)
393 3340 532 3426 ingenue
570 3343 708 3428 professi
741 3365 799 3430 pro
840 3343 917 3407 Iove
964 3341 1095 3430 Optimo

78 3468 221 3534 Maximo
251 3491 344 3534 suum
367 3493 400 3534 se
423 3471 528 3536 colere
549 3483 714 3537 ventrem:
744 3495 837 3537 nemo
858 3495 921 3538 non
938 3471 1026 3537 videt
1041 3472 1096 3560 qui

77 3596 181 3663 minus
205 3597 247 3662 ad
268 3599 500 3666 vocabulorum
520 3601 723 3687 quorundam
743 3600 982 3667 similitudinem
1000 3624 1094 3688 quae-

77 3725 184 3807 sitam,
216 3750 312 3814 quam
345 3727 384 3792 ad
407 3741 519 3816 aperta
541 3732 770 3796 sententiarum
792 3730 913 3796 lumina
932 3742 964 3796 et
986 3731 1026 3795 ad
1051 3729 1095 3794 di-
